2784 4109
297 294 341 341 20
620 279 772 343 Phaedri
792 280 992 343 deuldrum

298 464 369 521 Altis
383 465 421 521 ab
435 472 518 523 astris
533 465 636 523 duram
651 465 755 523 inlidat
768 467 922 538 corticem,

298 556 365 629 Qui
378 557 560 615 comminuti
574 557 658 615 facile
673 565 806 616 vescitur
820 559 896 618 cibo.

298 651 424 710 Inducta
438 654 534 712 verbis
548 654 654 729 aquila,
669 656 788 713 monitis
802 658 907 731 pitruit,

297 750 388 808 Simul
402 760 431 807 et
447 752 602 826 magistrae
617 752 695 827 large
710 751 807 810 divisit
821 752 940 827 dapem.

296 848 342 904 Sic
357 852 420 905 tuta
433 865 510 922 quae
524 854 645 906 initurae
660 848 752 907 fuerat
767 856 898 922 munere,

297 944 397 1017 Imprir
411 943 525 1003 duobus
539 944 651 1003 occidit
665 952 737 1003 tristi
751 964 834 1004 nece.

513 1178 594 1233 vll.
630 1178 727 1231 Muto
745 1179 824 1232 Duo
841 1181 874 1232 ei
889 1178 1077 1244 Raptor-os.

336 1311 411 1370 Muli
425 1318 534 1387 graviti
548 1313 668 1370 sarcinis
679 1314 762 1370 ibant
777 1312 847 1371 duo.

296 1396 380 1467 Unus
395 1409 507 1466 scribat
521 1409 607 1467 fiscos
621 1427 689 1465 oum
705 1410 839 1483 pecunia,

295 1506 377 1564 Alter
391 1510 536 1563 tumentes
551 1506 643 1563 multo
658 1511 761 1565 saccos
775 1506 899 1565 hordeo.

296 1603 349 1660 Ille
364 1620 454 1660 onere
469 1601 550 1659 dives
565 1603 643 1661 celsi
657 1610 771 1661 cervice
786 1605 897 1663 eminet

295 1699 473 1773 Clarumque
488 1700 564 1757 collo
579 1700 668 1757 iactat
682 1701 918 1773 tintinnibulum,

295 1797 404 1855 Comes
419 1796 520 1870 quieto
535 1798 666 1871 sequitur
682 1809 712 1855 et
726 1797 844 1872 placido
858 1798 960 1873 gradu.

241 1964 243 1969 ,
294 1893 396 1951 Subito
411 1893 539 1951 latrones
553 1911 589 1950 ex
602 1894 714 1951 insidiis
728 1895 867 1953 advolant

295 1990 434 2063 Interque
449 1991 574 2047 caedem
589 1990 664 2048 ferro
680 1991 789 2048 muium
805 1991 945 2064 sauciant,

295 2087 442 2160 Diripiunt
457 2091 603 2157 nummos,
618 2087 777 2162 neglegunt
791 2089 846 2145 vile
863 2087 1016 2147 hordeum.

294 2183 438 2257 Spoliitus
453 2183 538 2258 igitur
552 2188 636 2241 cisiis
650 2202 719 2241 cum
735 2185 817 2242 fleret
831 2191 918 2243 suos:

294 2280 482 2354 ‘Equidem’
498 2281 593 2354 inquit
607 2281 688 2352 alter,
704 2284 771 2339 ‘me
785 2292 990 2357 contemptum
1004 2283 1130 2357 gaudeo,

294 2378 372 2434 Nam
387 2377 425 2434 nil
441 2382 524 2435 {misi
537 2396 593 2435 nec
607 2396 671 2435 sum
686 2379 781 2436 laesus
795 2379 934 2437 vulnere!

334 2476 404 2531 Hoc
419 2478 592 2549 argumento
607 2480 669 2532 tuta
683 2485 729 2532 est
742 2476 896 2533 hominum
911 2476 1036 2534 renuitis
1049 2498 1056 2547 3

235 2610 239 2616 -
293 2571 420 2645 Magnae
435 2572 545 2645 periclo
561 2581 627 2629 sunt
642 2576 716 2646 opes
732 2574 887 2631 obnoxiae.

554 2802 655 2858 VIII.
694 2803 824 2856 Cervus
842 2804 890 2855 ad
908 2803 1028 2857 Boves.

332 2939 443 2997 Cervus
458 2942 620 2995 nemorosis
636 2938 777 2995 excitatus
793 2938 926 3010 latibulis

291 3036 334 3094 Ut
347 3040 519 3092 vinitorum
535 3035 648 3109 fugeret
661 3040 820 3092 instantem
835 3052 950 3104 necem,

292 3133 392 3191 Caeco
406 3132 511 3189 timore
527 3131 690 3207 proximam
704 3131 801 3187 villam
816 3131 890 3205 petit

292 3230 330 3287 Et
345 3232 513 3303 opportuno
529 3233 560 3286 se
574 3228 662 3287 bovili
676 3228 819 3285 condidit.

319 3408 375 3461 VII,
387 3420 407 3452 2.
414 3406 502 3464 fiscos:
518 3406 702 3463 'money-begs!
847 3418 880 3461 14
896 3406 1025 3451 obnoxiae:
1042 3404 1160 3462 ‘subject'
1170 3446 1198 3471 .-

319 3491 340 3539 5.
354 3480 553 3525 tintinncihulum:
570 3480 644 3525 'neit'
