2784 4109
577 293 681 356 Liber
708 296 741 357 V.

154 481 313 541 Adclimat
327 482 453 557 populus
468 499 596 540 scurram
611 464 705 539 multo
720 482 840 540 similius

155 580 319 651 Imitatum,
335 588 365 636 et
379 579 459 653 cogit
473 579 614 637 rsrsticum
629 578 708 636 tuidi
723 579 809 637 foras.

155 680 197 735 At
211 676 258 733 ille
273 676 385 751 profert
399 676 496 751 ipsum
511 676 674 750 porcellum
689 680 707 733 ἓ
722 676 796 747 simi,

153 774 347 848 Turpemque
362 777 464 847 aperto
479 778 601 848 pignore
616 778 745 831 errorem
760 774 908 848 probans:

155 874 164 902 ‘
177 856 223 927 En
237 870 285 927 hic
300 868 438 942 declarat,
453 870 555 944 quales
570 870 630 927 sitis
644 869 759 928 iudices
772 872 795 927 l’

947 964 999 1066 β(

126 1074 135 1087 ’
209 1094 272 1150 VI·
310 1093 438 1149 Calvus
457 1098 488 1147 el
508 1094 662 1159 Quidam
678 1095 797 1160 Aequo
813 1094 903 1148 Prata
920 1094 1096 1159 Defectus.

198 1229 315 1287 Invenit
330 1230 428 1287 calvus
442 1230 457 1286 f
459 1234 522 1287 orte
537 1230 568 1286 in
582 1229 666 1287 trivio
681 1230 842 1304 pectinem.

154 1326 291 1385 Accessit
305 1325 387 1397 alter,
402 1330 497 1401 aequi
512 1325 646 1383 desectus
661 1326 735 1401 pilis.
818 1375 822 1382 ,

153 1426 163 1455 ‘
176 1422 256 1480 Heia
269 1424 292 1481 l’
307 1423 411 1497 inquit,
427 1424 474 1480 ‘in
488 1428 646 1481 commune
660 1422 873 1497 quodcumque
887 1433 931 1481 est
945 1423 1035 1481 lucri’

153 1518 297 1579 Ostendit
310 1520 358 1577 ille
373 1520 514 1595 praedam
529 1529 559 1578 et
573 1519 683 1577 adiecit
698 1521 800 1578 simul:

152 1616 318 1691 ‘Supenim
332 1617 466 1674 voluntis
480 1617 574 1689 favit3
597 1616 650 1674 sed
665 1617 732 1674 fato
747 1617 848 1676 invido

153 1713 335 1785 Carbonem,
349 1722 382 1771 ut
395 1713 485 1784 aiunt,
500 1718 554 1788 pro
568 1713 706 1772 thesauro
721 1714 904 1772 invenimus!

197 1810 295 1883 Quem
308 1814 376 1885 spes
391 1809 507 1882 dilusit
523 1810 591 1868 huic
606 1811 736 1885 querella
749 1812 897 1870 convenit.

423 2038 506 2093 vn.
541 2038 711 2104 Princeps
732 2038 883 2093 Tibicen.

195 2172 256 2233 Ubi
269 2178 359 2231 vanus
373 2173 486 2231 animus
500 2178 571 2230 aurai
585 2182 687 2248 captus
703 2173 804 2232 frivola

150 2268 291 2346 Adripuit
303 2270 479 2329 insolentem
494 2270 550 2329 sibi
565 2269 720 2342 fiduciam,

152 2366 255 2425 Facile
269 2366 308 2425 ad
322 2366 452 2425 derisum
467 2367 554 2425 stulta
567 2367 668 2425 levitis
683 2366 810 2425 dicitur.

196 2464 334 2539 Princeps
348 2464 457 2522 tibicen
472 2463 570 2521 notior
583 2464 670 2538 paulo
686 2464 748 2534 suit,

151 2561 284 2635 Operam
299 2560 432 2636 Bathyllo
447 2561 548 2618 solitus
562 2561 592 2618 in
607 2566 715 2619 scaena
728 2560 808 2618 dare.
908 2627 911 2632 ¹

152 2657 184 2715 Is
200 2656 279 2715 forte
293 2657 369 2716 laidis
382 2663 492 2715 -non
507 2658 575 2715 satis
590 2658 712 2715 memini
726 2658 831 2731 quibus
840 2692 879 2701 -

152 2756 235 2811 Dum
249 2759 357 2829 pegma
370 2754 489 2829 rapitur,
505 2753 636 2812 concidit
651 2759 722 2811 cisia
736 2760 817 2828 gravi

152 2851 220 2908 Nec
235 2857 366 2926 opinans,
383 2861 412 2939 qt
427 2851 573 2909 sinistram
589 2852 674 2926 fregit
689 2851 802 2923 tibiam,

150 2949 235 3005 Duas
249 2966 316 3005 cum
331 2948 449 3006 dextris
464 2948 612 3006 maluisset
627 2947 761 3023 perdere.

150 3046 235 3103 Inter
248 3050 352 3104 maniis
367 3045 494 3103 sublitus
510 3055 539 3103 et
553 3045 677 3103 multum
691 3050 813 3120 gemens

149 3144 285 3200 Domum
299 3142 431 3201 refertur.
472 3143 593 3217 Aliquot
607 3146 724 3200 menses
739 3148 899 3214 trinseunt,

148 3238 199 3297 Ad
213 3238 367 3297 sinitatem
382 3238 454 3297 dum
468 3238 548 3297 venit
561 3240 683 3297 curatio.

177 3418 223 3471 VI,
236 3429 255 3463 1.
265 3418 399 3475 pectinem:
414 3418 512 3463 '00me
705 3431 727 3474 7.
737 3418 840 3475 pigmus
855 3420 934 3476 ‘stage
945 3418 1097 3477 machinery.’

177 3491 237 3537 VII.
252 3491 381 3549 Princeps:
396 3503 508 3549 aproper
518 3504 597 3536 name.
