2784 4109
250 428 289 495 52
551 408 705 474 Phaedri
723 408 925 473 Fabuldrum

287 600 428 657 Facturus
442 597 528 656 ludos
542 596 663 672 quidam
678 598 760 656 dives
774 598 889 657 nobiles

248 696 403 770 Proposito
417 700 539 753 cunctos
554 695 685 752 invitivit
699 696 842 769 praemio,

248 793 344 866 Quam
360 793 483 867 quisque
498 801 598 866 posset
612 802 644 849 ut
658 792 819 850 novitiitem
833 790 1011 851 ostenderet.

247 891 363 947 Venere
377 889 504 947 artifices
517 888 612 947 laudis
626 888 665 946 ad
680 890 860 961 certamina,

248 986 330 1060 Quos
345 987 420 1043 inter
434 1004 541 1056 scurra,
556 990 642 1043 notus
656 986 770 1044 urbini)
784 986 853 1056 sale,

248 1084 368 1141 Habere
384 1082 457 1140 dixit
471 1086 503 1140 se
516 1099 609 1157 genus
623 1082 792 1157 specticuli,

248 1178 339 1254 Quod
353 1180 382 1237 in
398 1179 513 1238 theitro
527 1196 689 1253 numquam
704 1180 851 1254 prolitum
865 1179 950 1237 soret.

247 1278 403 1351 Dispersus
418 1285 519 1334 rtimor
532 1276 681 1334 civititem
696 1276 835 1334 concitat

247 1373 338 1432 Paulo
352 1384 420 1432 ante
435 1391 527 1431 vacua
541 1374 656 1433 turbam
671 1372 814 1431 deficiunt
827 1373 902 1431 loca

248 1472 283 1528 In
297 1477 404 1529 scaeui
417 1475 487 1528 vero
501 1480 658 1545 postquam
673 1470 752 1529 solus
766 1469 897 1527 constitit

247 1568 314 1626 Sine
329 1572 480 1642 apparitu,
495 1567 580 1625 millis
594 1566 784 1638 adiutoribus,

246 1664 399 1722 Silentium
413 1663 478 1739 ipsa
492 1663 568 1722 fecit
583 1664 775 1738 exspectitio.

247 1761 299 1819 Ille
314 1762 343 1818 in
359 1761 454 1819 sinum
469 1770 591 1835 repente
606 1759 725 1817 demisit
738 1769 828 1835 caput

246 1860 286 1916 Et
300 1864 341 1916 sic
355 1858 477 1933 porcelli
490 1862 595 1915 vocem
611 1866 656 1915 est
669 1856 799 1914 imitatus
813 1861 875 1928 sua,

244 1955 356 2012 Verum
369 1965 402 2013 ut
416 1954 535 2014 subesse
550 1954 638 2029 pallio
652 1954 869 2012 contenderent

247 2054 286 2109 Et
301 2058 398 2109 excuti
412 2051 556 2110 iuberent.
600 2051 668 2125 Quo
684 2051 763 2109 sacto
777 2050 862 2109 simul

247 2148 329 2206 Nihil
343 2159 387 2207 est
401 2158 559 2223 repertum,
575 2148 671 2206 multis
686 2156 810 2205 onerant
824 2146 958 2205 laudibus

246 2246 470 2321 Hominemque
485 2245 588 2320 plausit
602 2250 819 2321 prosequuntur
833 2244 970 2302 miximo.

246 2343 317 2400 Hoc
331 2341 404 2401 vidit
419 2343 481 2400 lieri
495 2342 627 2400 nisticus
670 2342 760 2399 ‘Non
774 2340 942 2399 mehercule

246 2441 298 2497 ΜΕ
312 2440 428 2508 vincet,’
445 2440 558 2513 inquit;
581 2448 611 2497 et
626 2439 723 2496 statim
739 2438 886 2513 professus
901 2446 945 2495 est

246 2535 332 2594 Idem
347 2536 492 2595 facturum
507 2536 610 2594 melius
625 2540 657 2593 se
672 2534 824 2611 postridie

246 2634 293 2690 Fit
308 2635 392 2692 turba
406 2633 509 2691 mitior.
552 2634 617 2690 Iam
631 2632 713 2690 favor
728 2637 841 2690 mentes
857 2640 939 2689 tenet

245 2828 377 2901 Uterque
393 2825 500 2901 prodit.
543 2826 646 2884 Scurra
661 2824 818 2900 degrunnit
832 2825 912 2901 prior

246 2925 407 2997 Movetque
422 2923 540 2998 plausis
555 2932 585 2980 et
599 2923 744 2980 climores
758 2922 886 2980 suscitat.

244 3021 329 3077 Tunc
344 3020 483 3077 simulins
498 3024 562 3077 sese
576 3024 757 3077 vestimentis
772 3020 895 3077 rusticus

246 3117 412 3174 Porcellum
427 3117 576 3191 obtegere,
590 3116 722 3190 —quod
737 3115 865 3173 iaciebat
879 3114 1001 3183 scilicet,

245 3212 313 3285 Sed,
328 3213 358 3270 in
373 3214 469 3289 priore
484 3214 553 3288 quia
567 3214 607 3270 nil
621 3222 837 3287 compererant,
853 3212 995 3269 latens-

245 3310 381 3367 Pervellit
395 3328 497 3367 aurem
510 3314 589 3381 vero,
604 3328 693 3384 quem
709 3310 864 3380 ciliverat,

246 3408 284 3464 Et
298 3424 368 3463 cum
383 3405 486 3464 dolore
500 3412 606 3465 vocem
620 3411 741 3464 nitrirae
756 3405 901 3480 exprimit.

590 3624 625 3669 32.
641 3612 771 3669 pervellit:
791 3610 901 3668 ‘pullen’
