2784 4109
1128 270 1158 296 ‘W
1173 275 1182 300 ἰ

1030 353 1051 371 ..
1064 324 1169 374 lwttj.
1191 332 1215 354 “-

366 406 370 417 '
584 418 688 481 tiber
706 419 769 481 m.
1018 444 1108 519 &lt
1121 419 1265 521 effic·

177 610 201 667 F
202 608 326 679 aciebat,
343 608 445 665 solitae
459 613 569 669 victum
583 606 613 663 in
628 605 757 664 tenebris
772 624 913 680 quaerere

176 706 318 779 Cavoque
334 709 416 762 rimi)
430 708 537 778 c'apere
553 722 689 761 somnum
705 702 842 762 interdiii.
1165 732 1176 779 5

176 804 294 877 Rogata
309 812 362 871 est,
377 811 410 858 ut
423 805 543 858 taceret.
586 801 682 857 Multo
696 799 819 858 validius

176 900 311 959 Clamare
326 897 434 972 coepit.
477 898 588 955 Rursus
601 897 724 955 admota
738 914 828 971 prece

175 999 310 1054 Accensa
324 994 416 1069 magis
431 1004 484 1052 est.
527 994 647 1052 Noctua
660 1004 692 1051 ut
706 994 779 1051 vidit
793 995 849 1053 sibi

177 1092 299 1151 Nillum
314 1110 376 1149 esse
392 1091 530 1148 auxilium
545 1100 576 1147 et
589 1091 680 1149 verba
693 1099 845 1149 contemni
858 1110 920 1164 sua,

177 1192 247 1247 Hac
261 1198 305 1247 est
318 1206 454 1264 aggressa
467 1188 611 1263 garrulam
626 1187 757 1248 fallacia:

176 1288 331 1345 ‘Dormire
346 1286 415 1360 quia
429 1290 478 1343 me
492 1290 552 1342 non
567 1285 664 1342 sinunt
679 1290 782 1343 cantis
796 1293 846 1355 tui,

175 1385 286 1443 Sonare
301 1382 443 1440 citharam
457 1387 532 1456 quos
546 1386 632 1456 putes
645 1382 800 1456 Apollinis,

176 1483 284 1539 Potare
298 1490 342 1538 est
355 1480 469 1537 animus
484 1489 594 1550 nectar,
609 1478 691 1553 quod
707 1480 800 1538 Pallas
815 1480 887 1537 mihi

176 1578 206 1636 N
208 1582 282 1651 fiper
295 1576 415 1635 donavit
425 1597 434 1648 3
457 1582 481 1634 si
494 1581 554 1634 non
570 1575 690 1646 fastidis
706 1583 792 1648 veni3

174 1661 245 1733 Una
258 1674 412 1733 bibimus!
455 1674 518 1745 Illa,
534 1692 610 1747 quae
625 1674 727 1731 arebat
741 1674 797 1746 siti,

175 1771 269 1831 Simul
282 1770 420 1845 cognovit
433 1775 538 1829 vocem
553 1770 664 1828 laudari
678 1788 770 1842 suam,

176 1867 295 1943 Cupide
309 1867 464 1925 advolavit.
507 1868 626 1925 Noctua
640 1872 757 1942 egressa
771 1871 789 1925 e
803 1872 876 1925 cavi)

175 1964 390 2039 Trepidantem
404 1969 575 2023 consectata
590 1974 633 2021 est
648 1974 677 2021 et
691 1964 752 2023 lito
767 1963 851 2022 dedit

177 2063 225 2121 Sic
239 2068 303 2120 viva
316 2060 398 2137 quod
412 2067 533 2137 negarat
547 2061 647 2120 tribuit
661 2071 786 2119 mortua.

258 2288 363 2342 XIII.
383 2287 527 2352 (XVII.)
564 2286 716 2340 Arboris
732 2286 773 2339 itt
789 2287 948 2342 Deorum.
967 2287 1101 2343 mutato.

220 2410 309 2495 Olim,
323 2428 395 2498 quis
409 2422 518 2480 vellent
533 2440 596 2480 esse
610 2422 642 2479 in
656 2423 747 2480 tutela
760 2428 829 2494 sua„

177 2522 247 2579 Divi
260 2521 393 2595 legirunt
407 2519 536 2578 arbores
579 2520 794 2593 Quercuslovi

178 2618 219 2675 Et
233 2626 343 2691 myrtus
356 2618 466 2675 Veneri
480 2616 598 2692 placuit,
615 2617 737 2675 Phoebi)
751 2617 858 2688 laurea,

177 2716 268 2773 linus
282 2714 432 2789 Cybebae,
447 2713 573 2788 populus
587 2712 666 2771 celsa
681 2713 815 2771 Herculi.

177 2811 314 2869 Minerva
328 2810 484 2882 admirans,
499 2816 558 2885 qui
571 2814 602 2867 re
617 2810 729 2868 steriles
743 2816 901 2883 siimerent‚

177 2907 382 2981 Interrogavit.
424 2908 551 2967 Causam
567 2907 640 2965 dixit
655 2908 806 2982 Iuppiter:

177 3010 185 3036 ‘
198 3005 354 3063 Honorem
366 3005 464 3062 ¹frr'tctii
477 3008 516 3062 ne
529 3004 682 3061 videamur
694 3003 844 3063 vendere?

177 3103 245 3173 ‘At,
260 3100 451 3171 mehercul'e's,
467 3100 594 3158 narrabit
608 3101 689 3175 quod
704 3101 770 3176 quis
783 3101 918 3173 voluerit,

177 3197 265 3258 Oliva
278 3197 363 3256 nobis
377 3207 499 3272 propter
513 3198 640 3255 frictum
655 3207 700 3256 est
713 3198 840 3273 gritior!

175 3296 264 3353 Tunc
278 3300 320 3352 sic
331 3293 456 3352 deorum
469 3294 584 3370 genitor
598 3303 686 3368 atque
701 3294 855 3352 hominum
870 3304 966 3353 sator:
1153 3322 1180 3353 10

207 3473 279 3527 xm,
295 3474 316 3519 8.
335 3473 460 3518 narrabit:
477 3474 537 3517 used
547 3472 603 3517 with
613 3472 653 3517 the
733 3475 754 3518 8.
774 3474 934 3518 meherculis:
956 3474 1043 3531 always
1067 3486 1083 3518 a
1107 3473 1180 3531 trIsyl·

176 3549 243 3594 force
258 3546 286 3592 ol
302 3560 318 3591 a
333 3546 482 3603 subJunctive
498 3552 522 3591 to
533 3559 629 3603 express
639 3560 654 3591 a
704 3547 766 3591 lable
777 3546 802 3591 in
813 3547 942 3593 Phaedrus.

177 3621 387 3673 mildcommand.
