2784 4109
566 418 669 481 Liber
687 420 711 481 I
716 420 749 481 V.

153 604 273 661 Invenit
287 604 344 675 ille,
359 613 458 662 nostra
472 604 603 679 perfecit
618 622 731 662 manus.

152 699 214 759 Sed
228 706 423 775 exsequamur
437 710 577 776 coeptum
592 702 736 776 propositi
749 695 895 761 ordinem.
946 704 950 711 '

352 920 489 975 XVIII.
511 920 658 985 (XXII.)
694 921 749 973 Da
766 921 956 977 Simonide.

196 1077 301 1134 Homo
315 1074 421 1133 doetus
435 1075 464 1131 in
480 1080 511 1133 se
525 1093 643 1150 semper
657 1074 772 1134 divitiis
786 1076 884 1135 habet.

154 1172 332 1244 Simonides,
347 1178 398 1246 qui
412 1172 528 1247 scripsit
542 1172 691 1247 Egregium
706 1173 809 1246 melos,

155 1270 226 1343 Quo
240 1275 444 1345 paupertatem
459 1270 615 1327 sustineret
629 1270 751 1340 facilius,

154 1366 277 1425 Circum
289 1372 332 1423 ire
348 1366 449 1440 coepit
462 1366 550 1425 urbes
565 1366 651 1423 Asiae
666 1366 790 1439 nobiles,

154 1462 300 1521 Mercede
314 1468 439 1538 accepti
451 1462 570 1519 laudem
584 1468 728 1520 victorum
743 1468 862 1523 canens.
1145 1493 1155 1540 ς

154 1562 226 1618 Hoc
240 1578 348 1636 genere
363 1564 503 1634 quaestus
517 1569 675 1635 postquam
690 1561 823 1635 locuples
838 1561 932 1620 sactus
946 1572 999 1635 est,

153 1657 267 1715 Redire
280 1658 311 1714 in
324 1657 449 1732 patriam
463 1656 554 1714 voluit
568 1662 654 1714 cursri
669 1657 785 1731 pelagio
796 1678 804 1730 ;

153 1755 227 1812 Erat
241 1765 350 1827 autem,
365 1764 398 1811 ut
412 1755 501 1826 aiunt,
517 1760 600 1811 natus
615 1754 644 1810 in
659 1754 723 1812 Cea
735 1756 846 1813 insula:

152 1850 298 1909 Ascendit
311 1856 426 1923 navem,
441 1869 530 1925 quam
545 1857 706 1925 tempestas
720 1850 840 1909 horrida

152 1948 246 2007 Simul
261 1959 291 2006 et
304 1953 433 2006 vetustas
447 1947 548 2005 medio
564 1947 695 2006 dissolvit
710 1955 792 2006 mari.

153 2046 198 2102 Hi
212 2050 309 2118 zonas,
323 2046 363 2103 illi
377 2050 423 2103 res
438 2045 579 2119 pretiosas
594 2044 754 2119 conligunt,

152 2142 322 2201 Subsidium
336 2148 422 2201 vitae.
464 2140 593 2216 Quidam
609 2142 769 2200 curiosior:

152 2239 333 2311 ‘Simonidq
348 2243 379 2297 tri
395 2258 431 2297 ex
446 2239 551 2313 opibus
565 2239 606 2296 nss
620 2240 710 2296 sirmis
725 2239 818 2297 tuis?'

153 2337 313 2407 ‘Mecum’
326 2336 429 2410 inquit,
442 2340 526 2393 ‘mea
540 2345 606 2393 sunt
621 2338 747 2394 cuncta)
789 2337 874 2394 Tunc
888 2343 976 2412 pauci
986 2342 1114 2410 enatant,

152 2432 231 2506 Quia
246 2433 344 2508 plures
357 2450 448 2491 onere
463 2432 613 2507 degravati
627 2433 784 2507 perierant.
1129 2460 1153 2507 13

153 2521 322 2588 Praedones
337 2529 452 2600 adsunt,
469 2530 593 2604 rapiunt,
609 2530 691 2604 quod
706 2530 829 2604 quisque
844 2530 956 2602 extulit,

152 2626 260 2685 Nudos
274 2628 448 2701 relinquunt.
493 2628 581 2684 Forte
596 2627 792 2685 Clazomenae
806 2645 900 2704 prope

150 2727 281 2799 Antiqua
295 2724 348 2781 suit
362 2724 439 2795 urbs,
454 2742 543 2798 quam
558 2724 706 2799 petierunt
719 2725 858 2799 naufragi.

152 2822 215 2878 Hic
230 2821 390 2879 litterarum
405 2820 526 2896 quidam
542 2820 639 2879 studio
654 2820 781 2893 deditus,

150 2917 311 2977 Simonidis
325 2924 376 2993 qui
390 2935 478 2993 saepe
493 2923 592 2976 versirs
607 2918 718 2992 legerat

151 3015 284 3090 Eratque
299 3014 427 3073 absentis
442 3014 601 3073 admirator
616 3014 767 3086 miximus,

151 3113 295 3171 Sermone
309 3112 347 3171 ab
361 3112 426 3187 ipso
442 3111 592 3186 cognitum
608 3111 799 3186 cupidissime

150 3208 200 3267 Ad
215 3214 246 3267 se
261 3210 393 3283 recepit;
414 3218 505 3280 veste,
521 3214 657 3278 nummis,
673 3208 782 3266 familiai

151 3304 318 3364 Hominem
334 3306 491 3363 exornavit.
534 3306 634 3365 Ceteri
649 3305 778 3363 tabulam
792 3323 875 3364 suam

151 3405 274 3462 Portant
288 3406 425 3478 rogantes
439 3408 560 3460 victum.
603 3402 686 3476 Quos
701 3408 771 3460 casir
785 3402 887 3463 obvios

150 3500 320 3560 Simonides
334 3509 366 3557 ut
380 3499 470 3557 vidit:
494 3500 599 3571 ‘Dixi’
615 3499 719 3573 inquit,
736 3504 820 3557 ‘mea

151 3599 274 3657 Mecum
290 3614 354 3655 esse
369 3601 496 3668 cirncta3
517 3601 569 3656 vtis
584 3595 665 3671 quod
680 3597 825 3671 rapuistis,
841 3599 936 3673 perit!
