2784 4109
290 272 330 318 22
608 256 761 320 Phaedri
782 257 982 320 Fcibulcirum
1056 336 1060 339 ἢ

290 446 392 501 Patere
407 444 528 502 honoris
542 450 649 502 scirent
664 454 695 502 ut
710 449 823 503 cunctis
836 445 913 502 viam

290 542 355 598 Nec
369 548 469 615 generi
483 542 579 612 tribui,
594 540 647 599 sed
662 542 768 612 virtuti,
783 542 914 617 gloriam.

289 639 437 711 Quoniam
453 644 611 713 occuparat
626 638 707 718 alter,
722 643 760 696 ne
774 646 885 713 primus
899 641 1002 711 sorem,

289 735 337 793 Ne
351 736 428 793 solus
443 746 530 807 esset,
545 735 661 807 studui,
683 736 765 811 quod
779 737 940 811 superfuit:

289 833 355 891 Nec
369 833 442 890 haec
457 833 576 904 invidia,
591 837 691 890 verum
707 845 751 891 est
765 834 931 891 aemulitio.

289 930 380 1003 Quod
393 936 417 987 si
430 930 523 989 labori
537 930 644 988 siverit
660 930 776 987 Latium
791 936 869 1003 meo,

289 1028 388 1085 Plures
402 1027 532 1098 habebit,
547 1031 621 1101 quos
636 1032 771 1101 opponat
785 1028 940 1087 Graeciae.

288 1126 318 1183 Si
331 1126 403 1182 livor
417 1124 581 1182 obtrectare
595 1128 695 1181 curam
709 1125 842 1197 voluerit,

289 1222 359 1279 Non
374 1232 474 1279 tamen
488 1222 592 1295 eripiet
606 1221 700 1278 laudis
715 1222 936 1280 conscientiam.

287 1320 318 1377 Si
331 1329 462 1376 nostrum
477 1319 604 1376 studium
620 1318 658 1376 ad
673 1324 758 1377 aures
772 1320 863 1377 cultis
877 1320 1012 1394 pervenit

288 1418 328 1474 Et
341 1425 403 1473 arte
417 1416 505 1473 fictas
518 1416 632 1474 animus
646 1416 736 1474 sentit
751 1416 876 1488 fibulas,

288 1514 418 1572 Omnem
432 1513 591 1587 querellam
606 1513 762 1571 submovet
776 1514 912 1572 {elicitis

287 1611 337 1669 Sin
351 1620 450 1667 autem
464 1609 570 1667 doctus
584 1610 639 1667 illis
653 1612 780 1668 occurrit
795 1611 885 1683 labor,

287 1707 408 1765 Sinistra
421 1711 495 1780 quos
509 1707 651 1765 inlicem
667 1713 769 1765 nitura
783 1708 886 1765 extulit

290 1802 374 1881 [Nec
388 1804 547 1879 quicquam
561 1814 685 1878 possunt
700 1805 754 1861 nisi
770 1805 906 1862 melioris
921 1801 1069 1881 carpere‚]

288 1902 311 1958 F
313 1901 389 1958 itale
403 1901 505 1958 vitium
520 1899 611 1958 corde
626 1900 732 1959 durato
747 1900 848 1973 seram,

288 1999 394 2055 Donec
409 1998 559 2056 fortunam
573 1998 704 2056 criminis
718 1998 831 2072 pudeat
844 2004 896 2056 sui

585 2532 730 2594 LIBER
763 2529 982 2595 TERTIUS.

544 2696 732 2749 Phaedrus
749 2695 798 2748 ad
814 2694 1027 2759 Eutychum.

299 2888 302 2893 ·
327 2856 453 2914 Phaedri
467 2854 580 2914 libellos
591 2856 688 2931 legere
703 2861 728 2913 si
741 2854 899 2926 desideras,

285 2955 381 3011 Vac'e's
395 2962 521 3027 oportet,
536 2952 681 3027 Eutyche,
696 2958 714 3009 Ξ
727 2952 861 3027 negotiis,

285 3052 328 3109 Ut
342 3050 414 3109 liber
427 3049 542 3107 animus
556 3050 663 3108 sentiat
677 3048 737 3106 vim
750 3048 896 3106 carminis.

286 3148 433 3219 ‘Verum’
449 3147 554 3221 inquis,
569 3151 659 3204 ‘tanti
673 3151 734 3204 non
750 3155 794 3203 est
807 3144 958 3219 ingenium
972 3153 1064 3215 tuum,

287 3247 476 3303 Momentum
490 3255 522 3302 ut
536 3244 626 3301 horae
642 3253 744 3318 pereat
758 3242 861 3298 officiis
877 3242 968 3298 meis!

288 3343 358 3400 Non
372 3346 442 3416 ergo
457 3359 544 3399 causa
559 3351 603 3397 est
617 3340 752 3398 manibus
767 3338 798 3395 id
812 3344 892 3412 tangi
906 3343 972 3408 tuis,

288 3439 378 3512 Quod
394 3442 542 3513 occupitis
557 3437 674 3495 auribus
688 3440 748 3493 non
763 3434 910 3492 convenit.
