2784 4109
551 241 654 341 rire}
672 280 699 342 r.

124 466 311 539 Lignumque
326 470 414 539 supri
427 465 512 524 turba
525 466 660 541 petulius
672 466 770 525 insilit

28 602 32 613 .
124 560 217 635 Quod
232 579 299 618 cum
314 561 515 635 inquinissent
528 568 611 621 omni
625 564 813 636 contumelii,

122 657 224 715 Alium
237 662 374 733 rogantes
389 664 489 733 regern
503 663 608 717 misire
622 659 661 717 ad
676 661 789 734 Iovem,

124 754 240 813 Inutilis
254 755 394 829 quoniam
410 765 487 813 esset
500 761 552 830 qui
566 756 659 815 fuerat
673 756 769 816 datus.

122 854 202 909 'l'um
218 853 295 910 misit
309 853 362 910 illis
376 852 511 928 hydrum,
526 859 577 928 qui
590 853 680 912 dente
695 860 801 930 asperi)

123 949 282 1023 Corripere
296 949 397 1023 coepit
411 942 545 1025 singulis.
588 950 612 1007 F
612 954 706 1008 rristri
718 969 824 1009 necem

125 1046 263 1120 Fugitant
277 1044 395 1116 inertes,
409 1050 514 1104 vicem
529 1046 693 1121 praecludit
708 1061 811 1107 metus.

124 1142 238 1201 Furtim
253 1142 340 1217 igitur
352 1142 425 1200 dant
440 1143 589 1201 Mercurii
604 1143 744 1202 mandrita
757 1144 796 1203 ad
810 1147 924 1219 Iovem,

123 1237 259 1296 Adflictis
273 1248 305 1296 ut
319 1248 476 1297 succurrat.
517 1240 603 1297 Tunc
617 1247 722 1299 contri
736 1241 827 1300 deus:

123 1334 222 1409 ‘Quia
235 1335 367 1393 nriluistis
382 1346 509 1394 vestrum
523 1336 618 1407 ferre,’
634 1338 738 1411 inquit,
754 1338 893 1412 ‘bonum,

123 1431 239 1490 Malum
254 1432 400 1507 perferte!
410 1433 539 1491 -‘V6s
552 1450 681 1508 quoque,
693 1440 713 1492 ὅ
727 1436 825 1506 cives‚'
839 1436 890 1508 ait,

59 1546 65 1557 ¹
122 1530 215 1587 ‘Hic
229 1529 379 1600 sustinete,
394 1529 487 1587 meiius
501 1534 539 1587 ne
552 1530 652 1587 veniat
666 1531 795 1589 malum!

295 1807 364 1862 111.
403 1806 579 1862 Graculus
597 1808 776 1875 Superum
793 1813 827 1863 et
842 1810 951 1865 Ρᾱυό.

165 1960 214 2017 Ne
227 1959 343 2035 gliriiri
355 1959 446 2019 libeat
459 1960 560 2019 alienis
574 1960 658 2020 bonis

122 2058 243 2131 Suirque
258 2056 356 2131 potius
370 2056 472 2116 habitu
485 2063 575 2115 vitam
590 2056 708 2133 degere,

122 2156 258 2227 Aesbpus
272 2153 357 2210 uirbis
372 2152 430 2211 heic
444 2154 613 2228 exemplum
627 2153 769 2229 prndidit.

162 2250 294 2307 Tumens
309 2248 388 2306 inini
400 2249 533 2325 griculus
548 2249 693 2325 superbiri,

123 2348 238 2403 Pennis
253 2351 360 2420 pivimi
373 2363 449 2421 quae
464 2345 637 2405 deciderant
651 2348 765 2405 sustulit

121 2444 220 2516 seque
235 2442 393 2501 exurnivit.
435 2441 554 2502 Deinde
568 2449 762 2502 contemnens
776 2449 845 2503 suus

120 2540 160 2598 Se
175 2538 333 2597 immiscuit
347 2543 494 2613 pivrinum
509 2539 642 2598 firmini)
656 2547 747 2615 gregi.

121 2636 169 2694 Illi
183 2634 349 2710 impudenti
363 2641 475 2710 pennis
488 2636 615 2711 Eripiunt
629 2642 676 2694 avi

121 2734 296 2808 Fugantque
310 2736 416 2791 rristris.
459 2733 539 2791 Male
554 2733 696 2792 mulcitus
710 2734 844 2809 graculus

120 2828 233 2887 Redire
248 2832 381 2887 maerens
395 2830 495 2904 coepit
509 2828 547 2887 ad
561 2830 714 2904 proprium
728 2848 821 2905 genus
829 2851 839 2903 ,·

118 2912 222 2999 siqui)
236 2925 367 3000 repulsus
381 2932 493 2984 tristem
508 2926 643 2984 sustinuit
656 2936 767 2985 notam.

117 3022 198 3080 Tum
213 3020 334 3096 quidam
349 3038 386 3080 ex
400 3022 463 3095 illis,
478 3027 552 3098 quis
566 3023 646 3098 prius
661 3023 854 3099 despExerat:

119 3119 306 3177 ‘Contentus
319 3124 425 3177 nostris
440 3124 463 3176 si
478 3119 579 3177 fuisses
594 3119 714 3179 sedibus

120 3217 160 3273 Et
174 3214 257 3289 quod
271 3220 374 3273 nitura
388 3214 512 3273 dederat
526 3212 665 3275 voluisses
679 3222 750 3291 pati,

149 3406 185 3439 21.
200 3393 376 3452 inquinrissent:
397 3392 536 3441 'beiouled.'
703 3409 724 3441 ο.
738 3395 927 3453 queinruique:
943 3396 1013 3442 ‘but'

91 3492 95 3506 ·
149 3468 197 3515 111.
206 3467 325 3525 auiculas
333 3482 342 3511 :
356 3470 362 3487 ·
367 3467 491 3525 jackdawl
705 3482 739 3515 11.
752 3474 847 3517 notaui:
868 3469 1003 3528 ‘disgraoel
