2784 4109
580 247 733 311 Phaedri
753 247 952 310 Fabulomm

392 542 524 597 XXVI.
547 542 747 607 (XXVIH.)
790 540 912 608 Volpos
928 544 961 595 ct
977 541 1120 609 Aquilo.

298 676 438 751 Quamvis
452 677 591 736 sublimes
605 677 718 737 dobent
732 676 857 735 humilos
871 687 1014 748 metuere,

256 773 397 831 Vindicta
410 773 501 832 docili
514 774 583 849 quia
597 784 680 849 patet
693 774 850 832 sollertiae.

296 870 441 946 Volpinos
454 871 567 929 catulos
581 872 678 946 aquila
691 870 843 946 quondam
857 870 972 929 sustulit

258 966 398 1042 Nidoque
412 968 510 1043 posuit
525 968 618 1042 pullis,
634 972 734 1027 oscam
748 978 781 1026 ut
793 977 958 1042 carperent.

258 1066 347 1122 Hauc
362 1069 517 1139 persecuta
532 1070 625 1123 motet
638 1070 724 1123 orare
737 1064 851 1139 incipit,

258 1163 305 1219 No
319 1171 433 1219 tantum
448 1162 572 1220 miserae
586 1162 697 1219 luctum
711 1162 884 1237 importaret
897 1162 961 1221 sibi.

257 1259 445 1333 Contempsit
459 1258 517 1331 illa,
532 1263 595 1317 tota
608 1258 720 1334 quippe
734 1260 800 1334 ipso
813 1259 890 1317 loco.

256 1356 367 1430 Volpos
381 1356 418 1413 ab
433 1361 482 1413 oro
495 1357 591 1430 rapuit
604 1355 759 1414 ardentem
774 1356 870 1414 facem

255 1454 423 1527 Totamque
439 1451 563 1510 flammis
577 1453 713 1512 arborem
727 1451 934 1523 circumdedit,

257 1550 362 1608 Hostis
375 1549 510 1607 dolorem
525 1548 636 1608 damno
650 1550 777 1607 miscons
791 1550 947 1625 sanguinis.

257 1647 363 1721 Aquila
378 1655 409 1704 ut
423 1646 535 1721 periclo
550 1647 651 1706 mortis
665 1648 793 1723 eriperet
808 1651 876 1705 suos

257 1743 426 1801 Incolumes
439 1748 524 1801 notos
538 1744 662 1819 supplex
675 1744 756 1819 volpi
769 1742 899 1802 tradidit.

304 1976 454 2033 XXVII.
476 1977 620 2043 (XXX.)
656 1978 994 2114 wiffam&
1014 1976 1216 2031 Taurorum

297 2195 435 2253 Humilos
449 2194 591 2268 laborant,
605 2196 656 2255 ubi
671 2200 808 2271 potentos
823 2193 976 2253 dissident.

257 2294 342 2350 Rona
356 2292 386 2350 in
400 2291 508 2366 palude
524 2297 653 2369 pognam
668 2297 818 2351 taurorum
833 2292 966 2350 intuons:

257 2390 345 2446 ‘Heu
359 2399 470 2464 quanta
484 2390 570 2447 nobis
583 2396 673 2449 instat
687 2390 833 2465 pernici'e's
845 2393 852 2447 l
865 2391 871 2416 ’
887 2389 936 2446 ait.

258 2486 441 2561 Interrogata
455 2486 493 2545 ab
507 2486 572 2558 alio,
588 2492 641 2546 cor
654 2488 713 2545 hoc
728 2486 850 2558 diceret,

257 2584 305 2641 Do
318 2583 484 2658 principato
498 2601 566 2641 cum
582 2583 623 2641 illi
636 2590 781 2642 certarent
795 2583 890 2659 gregis

257 2681 418 2754 Longoque
433 2680 471 2739 ab
484 2680 554 2754 ipsis
569 2681 712 2756 dogerent
725 2687 813 2738 vitam
829 2680 937 2738 bovos:

257 2778 329 2833 ‘Est
343 2778 431 2834 statio
446 2780 580 2851 soparota
594 2796 629 2835 ac
643 2777 790 2836 diversum
805 2795 916 2852 genus,

256 2872 314 2931 Sed
330 2873 429 2947 pulsus
444 2878 535 2947 rogno
549 2875 688 2932 memoris
703 2880 754 2949 qui
768 2874 945 2949 profugerit,

257 2969 374 3027 Paludis
388 2971 419 3027 in
433 2974 548 3028 socrota
561 2971 660 3028 veniet
673 2970 794 3029 latibula

257 3069 296 3125 Et
310 3067 495 3142 proculcatas
509 3067 626 3126 obteret
639 3067 715 3126 duro
729 3066 818 3143 pede.

257 3164 304 3221 Ita
316 3174 407 3239 caput
421 3163 460 3222 ad
474 3175 608 3223 nostrum
622 3164 702 3222 furor
715 3165 832 3223 illorum
845 3164 993 3239 pertinet!

525 3376 615 3429 XXVI,
626 3390 646 3421 2.
661 3376 784 3421 vindicta:
798 3376 961 3433 ‘vengeance.'

524 3449 628 3503 XXVII,
638 3463 660 3506 9.
671 3450 787 3496 latibula:
798 3449 998 3507 bidingptaces:
