2784 4109
272 435 313 502 50
575 421 730 485 Phaedri
750 421 949 484 Fabuldmm

270 610 430 684 Unguento
444 609 601 681 delibutus,
616 614 723 668 vestitu
737 610 839 681 fluens,

269 705 415 766 Veniebat
429 711 529 781 gressu
543 706 672 765 delicato
687 718 717 765 et
731 707 880 783 languido.

271 804 363 860 Hunc
378 803 428 862 ubi
442 812 581 879 tyrannus
594 803 669 862 vidit
683 808 816 863 extremo
829 806 965 881 agmine:

271 900 432 974 ‘Quisnam
447 899 588 959 cinaedus
603 901 651 959 ille
666 901 696 958 in
711 906 906 977 conspectum
920 920 1019 960 meum

270 996 369 1055 Audet
381 999 518 1056 venirei’
560 998 792 1074 Responderunt
805 999 950 1073 proximi:

271 1095 349 1151 ‘Hic
364 1105 409 1152 est
423 1095 590 1154 Menander
604 1098 748 1170 scriptor!
791 1097 922 1154 Mutatus
935 1095 1053 1154 statim:

270 1192 411 1264 ‘H0m6,'
426 1192 530 1267 inquit,
545 1193 629 1251 ‘fieri
642 1197 704 1251 non
717 1203 817 1268 potest
831 1192 1009 1251 formosior!

551 1408 602 1461 11.
645 1407 802 1462 Vidtdrr‘re
819 1410 851 1461 et
868 1409 990 1463 Latrd.

269 1625 289 1632 -
311 1544 380 1600 Duo
394 1561 461 1600 cum
477 1542 650 1602 incidissent
663 1544 694 1601 in
707 1544 853 1601 latronem
867 1543 982 1616 milites,

270 1641 354 1699 Unus
367 1640 511 1715 profugit,
526 1641 600 1699 alter
613 1650 713 1698 autem
727 1640 833 1698 restitit

271 1737 310 1795 Et
323 1735 482 1794 vindicavit
495 1742 560 1795 sese
575 1736 641 1795 sorti
655 1737 786 1795 dextera.

270 1834 398 1891 Latrone
412 1838 514 1892 occiso
529 1833 648 1892 timidus
663 1834 788 1891 accurrit
802 1850 903 1891 comes

215 1984 225 1995 ,
270 1930 447 2005 Stringitque
462 1929 602 2005 gladium,
617 1930 688 1988 dein
701 1931 810 1988 reiecta
824 1930 966 2004 paenula:

270 2027 393 2099 ‘Ced0‚’
409 2027 511 2102 inquit,
527 2028 646 2100 ‘illum;
667 2027 727 2084 iam
741 2027 850 2086 curabo
864 2027 980 2099 sentiat,

271 2125 354 2199 Quos
368 2125 568 2200 attemptdrit!
609 2126 704 2196 Tunc,
718 2130 770 2199 qui
783 2123 1020 2199 depfignaverat:

270 2222 404 2280 ‘Vellem
418 2222 479 2280 istis
492 2223 588 2281 verbis
604 2221 708 2280 saltem
722 2222 883 2280 adiuvisses
898 2219 1009 2293 mod03

270 2319 461 2377 Constantior
475 2320 594 2378 fuissem
608 2324 677 2377 vera
691 2319 869 2377 existimans.

271 2417 359 2473 Nunc
373 2415 471 2474 conde
486 2417 594 2474 ferrum
609 2426 640 2474 et
653 2416 783 2491 linguam
797 2416 907 2491 pariter
921 2415 936 2472 s
937 2414 1048 2487 utilem,

270 2514 312 2572 Ut
325 2520 419 2588 possis
433 2513 505 2571 alios
518 2518 686 2589 ignorantes
701 2513 809 2570 fallere.

271 2611 344 2684 Ego,
360 2616 411 2684 qui
425 2628 490 2667 sum
506 2621 653 2685 expertus,
668 2616 784 2684 quantis
799 2609 891 2684 fugias
904 2607 1020 2679 viribus,

270 2707 346 2779 Scio,
361 2725 450 2781 quam
463 2707 562 2765 virtuti
576 2712 636 2765 non
651 2707 688 2765 sit
702 2705 885 2764 erodendum
900 2705 986 2763 tuae!

311 2804 357 2861 Illi
371 2803 516 2879 adsignari
532 2803 624 2862 debet
638 2804 713 2861 haec
727 2804 863 2874 narratio,

271 2901 329 2974 Qui
343 2906 375 2959 re
389 2901 519 2959 secunda
533 2900 615 2959 sortis
631 2910 683 2973 est,
699 2899 791 2958 dubia
805 2901 900 2975 fugax.

548 3117 618 3172 ΠΙ.
655 3116 784 3170 Calvus
802 3120 834 3169 et
852 3115 990 3168 Musca.

310 3253 392 3311 Calvi
406 3251 567 3310 momordit
581 3257 683 3331 musca
696 3250 841 3309 nudatum
855 3259 964 3325 caput;

271 3350 367 3424 Quam
382 3350 550 3424 opprimere
565 3354 687 3424 captans
702 3349 818 3423 alapam
832 3348 887 3406 sibi
902 3345 985 3404 dsurit
998 3361 1126 3420 gravem.

268 3447 353 3503 Tunc
368 3447 416 3504 illa
428 3447 577 3504 inridens:
602 3447 766 3503 ‘Punctum
780 3444 905 3503 volucris
919 3441 1056 3518 parvulae

300 3634 334 3680 15.
349 3625 474 3668 canardus:
489 3622 597 3681 'dandyl
609 3622 681 3681 ‘inp'
780 3646 782 3651 ·
826 3624 858 3676 11,
874 3634 895 3680 5.
901 3620 1022 3679 paenulis
1038 3618 1154 3666 ‘mande’
