2784 4109
262 437 306 498 40
578 422 729 485 Phaedri
749 422 947 485 deuldmm

264 608 302 664 Et
316 604 406 682 regna
421 608 517 666 Peliae
532 608 642 666 scelere
657 608 786 666 MEdeae
800 608 907 680 iacent,

263 704 347 776 Quae
362 722 481 761 saevum
495 704 645 780 ingenium
659 706 745 763 variis
759 705 910 764 involvens
925 705 1021 764 modis

263 801 326 858 Illic
341 818 394 875 per
408 806 486 859 arnis
501 802 594 859 fratris
609 802 749 876 explicuit
763 802 872 877 sugam,

263 899 323 955 Hic
337 897 430 957 caede
445 899 535 973 patris
551 899 703 958 Peliadum
718 900 825 957 infecit
840 917 954 958 manus.

303 994 383 1069 Quid
397 996 451 1054 tibi
464 995 601 1055 videtur?
650 997 739 1054 ‘Hbc
754 1015 873 1072 quoque
886 997 1028 1055 insulsum
1042 996 1105 1069 est,'
1120 996 1172 1067 ais,

262 1092 425 1167 ‘Falsdque
441 1093 552 1151 dictum
564 1114 574 1165 ;
595 1093 682 1168 longe
696 1094 766 1167 quia
778 1094 920 1152 vetustior

260 1191 379 1264 Aegaea
394 1192 493 1249 Minos
507 1191 599 1248 classe
613 1190 783 1265 perdomuit
798 1191 872 1248 freta

262 1288 405 1361 Iristt'rque
421 1287 579 1346 vindicavit
595 1288 732 1363 exempli>
747 1288 911 1363 impetum)

261 1376 343 1457 Quid
358 1390 428 1459 ergr‘)
443 1402 563 1459 possum
578 1385 674 1442 facere
690 1385 753 1456 tibi,
767 1385 861 1443 lector
875 1385 960 1444 Catu.

261 1482 291 1539 Si
304 1499 360 1539 nec
376 1481 503 1540 fabellae
519 1486 548 1539 te
563 1482 662 1539 iuvant
676 1500 734 1539 nec
748 1482 888 1540 fabulae!

263 1577 333 1635 Ndli
347 1578 486 1636 molestus
502 1596 565 1637 esse
580 1583 701 1636 omnin&
716 1579 827 1650 litteris,

262 1674 408 1733 Meierem
423 1675 581 1735 exhibeant
595 1680 633 1733 ne
647 1675 701 1733 tibi
715 1675 890 1733 molestiam.

303 1772 373 1830 Hoc
387 1772 440 1830 illis
456 1771 568 1829 dictum
584 1781 637 1843 est,
652 1778 704 1845 qui
717 1772 840 1829 stultitia
852 1779 995 1829 nauseant

186 1940 188 1943 Ι
262 1869 310 1941 Et,
325 1877 357 1926 ut
370 1878 510 1944 putentur
523 1886 637 1943 sapere,
652 1869 767 1926 caelum
780 1868 956 1943 vituperant.
992 1920 997 1931 .

375 2085 477 2140 VIII.
513 2084 661 2151 Sarmens
679 2084 728 2137 ad
744 2084 904 2137 Faurmn
921 2083 1142 2137 chirdum.

302 2218 520 2277 Mordacidrem
535 2226 586 2293 qui
600 2219 737 2293 Improbe
752 2218 842 2276 dente
858 2219 980 2293 appetit,

262 2318 332 2374 Hbc
347 2322 519 2392 arguments)
534 2321 566 2375 se
580 2316 707 2375 describi
721 2316 837 2373 sentiat.

301 2415 337 2471 In
348 2413 497 2472 officinam
512 2413 584 2471 fabri
598 2414 677 2471 venit
691 2419 801 2491 vipera.

262 2511 348 2568 Haec
363 2529 431 2568 cum
445 2516 612 2584 temptaret,
628 2516 652 2567 si
666 2514 785 2585 quares
799 2518 877 2567 esset
889 2508 966 2580 cibe,

262 2610 376 2665 Limam
390 2605 561 2665 momordit.
603 2607 657 2664 Illa
672 2612 776 2664 contra
789 2611 965 2663 contumax:

261 2704 360 2777 ‘Quid
376 2706 442 2775 mE,’
458 2704 560 2777 inquit,
573 2708 580 2734 ‘
591 2703 687 2775 stulta,
703 2702 794 2761 dente
809 2707 911 2777 captas
924 2700 1052 2773 laedere,

261 2801 360 2860 Omne
373 2799 493 2859 adsuevi
507 2800 615 2857 ferrum
629 2818 706 2875 quae
721 2799 916 2857 corrdderei’

548 3015 613 3069 IX.
655 3014 776 3080 Vulpes
793 3016 826 3066 et
845 3012 971 3078 vapor.

302 3152 406 3209 Home
420 3150 452 3207 in
466 3149 608 3225 periclum
623 3149 709 3207 simul
723 3166 759 3206 ac
772 3148 853 3205 venit
867 3148 998 3219 callidus,

261 3251 403 3324 Reperire
419 3246 555 3321 effugium
571 3246 686 3321 quaerit
700 3246 818 3303 alterius
832 3245 918 3302 maid.

301 3346 378 3405 Cum
394 3344 554 3402 decidisset
568 3345 670 3417 volpes
684 3342 715 3399 in
730 3352 851 3417 puteum
865 3341 957 3400 inscia

262 3445 301 3501 Et
315 3443 417 3501 altibre
432 3441 617 3499 clauderetur
630 3440 770 3514 margine,

293 3635 326 3678 17.
341 3620 471 3666 Insulsum:
487 3618 566 3677 ‘silly.'
815 3617 887 3671 VIII,
897 3628 919 3674 5.
936 3616 1036 3662 Emam:
1052 3614 1141 3661 ‘afile'
