2784 4109
262 407 307 468 44
577 392 729 456 Phacdn'
749 393 950 457 Fabuldrum

262 576 361 649 Quam
375 582 435 635 ndn
450 580 629 637 conveniens
644 598 746 637 aurum
761 581 799 639 sit
812 588 889 640 vitae
904 600 998 653 meae,

262 673 457 749 Respondeas
472 676 642 734 clementer.
686 677 785 751 Quem
800 679 926 736 fructum
941 680 1023 754 capis

262 771 333 828 Ηόε
348 789 385 828 ex
399 771 509 844 labdre,
524 772 642 847 quodve
657 783 771 832 tantum
787 786 831 833 est
845 776 1018 851 praemium,

261 868 303 926 Ut
317 874 418 927 caretis
432 874 538 927 somni)
554 879 584 927 et
598 888 704 928 aevum
718 872 747 928 in
763 874 891 931 tenebris
906 873 1042 948 exigisi’

260 965 419 1036 ‘Nullum'
435 966 529 1041 iuquit
544 967 601 1038 ille,
617 971 736 1026 ‘vetum
751 968 808 1026 hdc
823 975 841 1026 Ξ
855 975 971 1027 summi>
985 970 1056 1026 mihi

260 1063 332 1120 Iove
347 1062 527 1121 adtribiitum
542 1065 606 1121 est.'
648 1066 746 1140 ‘Ergd
759 1084 815 1123 nec
830 1067 920 1124 sumis
934 1067 986 1125 tibi

260 1159 326 1216 Nec
340 1160 391 1217 ulli
404 1160 498 1219 dduis
513 1161 671 1235 quicquam
680 1164 709 1219 ?'
753 1164 818 1221 (ἧς
832 1163 902 1221 saitis
917 1164 1033 1238 placet!

258 1257 358 1315 ‘Ndld
372 1258 513 1329 irisedris,
530 1258 620 1316 linere
635 1265 659 1316 si
673 1257 794 1316 dixerdz

259 1355 312 1412 Dis
327 1364 371 1413 est
384 1360 462 1412 iraitis
476 1360 570 1426 nitus,
585 1361 636 1429 qui
651 1366 695 1413 est
710 1356 811 1413 similis
825 1356 897 1414 tibi!

298 1452 436 1510 Abiturus
450 1452 528 1523 illuc,
543 1456 603 1526 qud
617 1453 730 1526 pridr'e's
744 1453 888 1525 abierunt,

258 1548 339 1623 Quid
355 1558 455 1607 mente
470 1555 560 1608 caeci
575 1549 714 1607 miserum
729 1555 848 1625 torques
862 1551 1018 1626 spiritum?

256 1646 324 1704 Tibi
337 1646 416 1718 died,
431 1652 526 1718 avire,
541 1647 681 1722 gaudium
698 1646 814 1705 hetedis
828 1654 879 1719 tui,

257 1743 316 1817 Qui
330 1748 394 1801 ture
409 1748 540 1819 supertis,
556 1745 652 1818 ipsum
668 1749 698 1801 te
713 1742 830 1801 fraudis
844 1744 922 1817 cibd,

257 1840 316 1914 Qui
329 1841 416 1899 tristis
432 1840 514 1898 audis
530 1841 673 1899 musicum
689 1841 819 1898 citharae
834 1859 948 1914 sonum,

257 1938 354 2012 Quem
370 1938 506 1996 tiniamm
521 1943 650 1996 macerat
664 1938 840 2009 incunditas,

256 2035 456 2093 Obsdnidrum
470 2034 564 2109 pretia
577 2034 627 2092 cui
641 2035 783 2111 gemitum
799 2035 975 2110 exprimunt,

256 2131 400 2205 Quidum
415 2132 593 2206 quadrantes
607 2137 728 2206 aggeris
743 2133 919 2206 patrimdnid

255 2228 379 2286 Caelum
395 2229 495 2303 fatigiis
511 2227 633 2287 sordidi)
646 2229 784 2304 periurii),

254 2325 314 2399 Qui
327 2325 514 2383 circumcidis
530 2343 650 2383 omnem
665 2326 829 2400 impensam
845 2326 953 2398 funeri,

254 2422 381 2480 Libitina
395 2427 432 2481 ne
446 2422 519 2497 quid
534 2422 573 2480 de
588 2428 639 2481 tud
655 2422 743 2481 saciat
758 2423 839 2482 lucri.

501 2634 618 2689 XVII.
640 2634 768 2699 (XXI.)
805 2634 1004 2688 Phaedrae.

295 2770 363 2844 Qud
377 2769 507 2828 iudicare
522 2769 633 2843 edgitet
648 2768 722 2826 livor
737 2767 838 2838 modi),

253 2867 337 2925 Licet
350 2866 523 2938 dissimulet,
539 2865 660 2940 pulchre
675 2875 775 2922 tamen
789 2864 938 2941 intellegi).

253 2962 403 3039 Quicquid
417 2962 532 3040 putabit
547 2980 610 3021 esse
626 2962 748 3037 dignum
764 2962 913 3034 memorii,

251 3065 363 3137 Aesdpi
377 3060 475 3133 dicet;
497 3059 607 3135 siquid
622 3060 718 3117 minus
733 3058 874 3132 adxiserit,

251 3145 276 3215 Ᾰ
291 3163 340 3217 me
354 3156 517 3216 contendet
532 3157 640 3215 fictum
655 3161 758 3231 qudvis
773 3162 902 3232 pignore.

252 3256 350 3330 Quem
364 3256 432 3313 volo
447 3255 538 3313 refelli
552 3255 611 3312 iam
626 3272 704 3311 nunc
719 3259 861 3328 respdnsd
877 3259 963 3312 med:

250 3354 315 3411 Sive
330 3353 387 3411 hdc
403 3353 536 3427 ineptum
551 3358 610 3410 sive
624 3349 805 3409 laudandum
820 3360 864 3408 est
879 3368 963 3425 opus,

279 3526 388 3581 XV1,aa.
403 3522 701 3569 obstaturam-‘victuale'
805 3524 840 3568 26.
855 3522 979 3566 Libitina:
1010 3521 1063 3566 ‘the
1091 3521 1198 3578 goddess
1227 3521 1255 3568 oi

279 3614 315 3658 23.
332 3600 488 3657 quadrantis:
504 3597 600 3643 'mites.'
777 3597 886 3653 corpses!

1366 2905 1389 3070 i
