2784 4109
239 378 282 440 62
557 376 709 439 Phaedri
730 375 929 438 deularum

256 689 302 744 X.
324 690 449 755 (XIV.)
486 690 568 743 Duo
585 691 735 744 Iuveroes
753 690 882 756 sponoe
900 690 1005 743 Dives
1022 691 1055 742 et
1071 690 1232 755 Pauper.

380 805 515 855 Fdrtunam
527 807 653 856 interdum
665 813 764 872 praeter
776 823 848 871 spem
858 807 1001 855 hominibus
1013 805 1104 855 favete.

280 925 379 998 Unam
394 939 574 1013 expetebant
587 939 731 1015 virginem
745 941 865 998 iuvenes
879 940 960 1013 du03

239 1036 317 1107 ¹Vicit
330 1036 462 1110 locuples
475 1054 568 1111 genus
583 1046 613 1094 et
627 1037 642 1094 f
644 1041 758 1094 ormam
773 1037 920 1112 pauperis.

240 1133 281 1191 Ut
296 1133 463 1207 nuptiimm
478 1133 575 1191 dietus
590 1132 710 1191 advenit
724 1131 797 1205 dies,

239 1231 349 1287 Amans
364 1228 498 1287 dolorem
512 1230 581 1304 quia
596 1235 657 1287 non
670 1239 787 1303 poterat
800 1238 925 1306 perpeti,

240 1327 378 1383 Maerens
392 1332 574 1400 propinquos
588 1327 712 1384 contulit
726 1331 758 1384 se
772 1326 802 1383 in
817 1327 959 1400 hortulos,

241 1421 323 1495 Quos
337 1422 412 1479 ultra
426 1423 515 1497 paulo
529 1422 596 1479 villa
609 1421 677 1480 ditis
692 1422 848 1497 splendida

241 1520 312 1576 Erat
326 1523 485 1593 acceptura
498 1519 642 1594 virginem
657 1524 674 1577 ἓ
689 1520 790 1577 matris
804 1520 879 1592 sinu,

240 1617 346 1673 Parum
359 1616 459 1690 ampla
473 1616 504 1673 in
518 1617 589 1675 urbe
604 1622 665 1673 visa
677 1616 760 1691 quod
775 1617 869 1675 suerat
883 1616 999 1676 domus.

241 1715 354 1788 Pompa
369 1712 537 1787 explicitur,
553 1712 638 1771 turba
652 1713 799 1771 concurrit
813 1714 958 1788 frequens

241 1810 279 1868 Et
293 1810 477 1883 coniugalem
493 1810 615 1884 praebet
631 1812 824 1883 Hymenaeus
837 1811 943 1869 facem.

240 1907 354 1964 Asellus
368 1915 477 1977 autem,
493 1913 543 1981 qui
557 1907 670 1966 solebat
684 1913 806 1981 pauperi

241 2004 404 2077 Quaestum
419 2002 542 2075 deferre,
558 2004 653 2062 stabat
668 2013 772 2078 portae
787 2005 817 2061 in
832 2004 940 2064 limine.

241 2100 327 2157 Illum
342 2100 456 2175 puellae
471 2104 540 2157 crissi
554 2099 726 2158 conducunt
740 2119 820 2172 suae,

239 2198 312 2254 Viae
327 2198 440 2255 labores
456 2202 572 2255 teneros
587 2202 625 2255 ne
640 2197 759 2256 laedant
773 2197 875 2271 pedes.

240 2296 376 2369 Repente
390 2294 515 2366 caelum,
529 2294 652 2351 Veneris
667 2295 877 2367 misericordia,

239 2392 341 2448 Ventis
357 2396 498 2462 movetur,
513 2391 628 2449 intonat
642 2391 746 2449 mundi
760 2392 856 2466 fragor

240 2488 430 2563 Noctemque
445 2487 544 2545 densis
558 2488 708 2546 horridam
723 2488 828 2547 nimbis
842 2498 945 2563 parat3

240 2586 304 2642 Lux
318 2586 428 2659 rapitur
442 2586 533 2643 oculis
548 2594 578 2642 et
592 2584 677 2642 simul
691 2592 734 2642 vis
747 2584 896 2659 grandinis

239 2682 344 2739 Effusa
358 2681 490 2757 trepidos
504 2682 613 2755 passim
627 2682 752 2748 comites
767 2681 898 2756 dissipat,

239 2778 299 2837 Sibi
314 2796 462 2853 quemque
477 2783 587 2853 cogens
602 2788 703 2852 petere
717 2779 895 2853 praesidium
910 2778 986 2853 suga.

237 2875 352 2933 Asellus
365 2880 467 2932 uotum
484 2875 650 2949 proximum
665 2879 775 2933 tectum
791 2874 868 2933 subit

240 2974 279 3029 Et
292 2966 366 3030 voce
382 2977 488 3047 magni
502 2975 567 3030 sese
581 2972 694 3029 venisse
710 2971 830 3029 indicat.

238 3070 415 3127 Procurrunt
429 3075 520 3143 puerI,
536 3069 688 3144 pulchram
704 3068 850 3141 aspiciunt
862 3067 1005 3143 virginem

239 3167 279 3223 Et
292 3166 490 3238 admirantum
513 3165 623 3223 deinde
637 3163 760 3223 domino
775 3164 919 3223 nuntiant.

239 3264 320 3320 Inter
334 3263 450 3321 sodales
466 3263 514 3320 ille
529 3267 640 3337 paucos
656 3262 804 3320 accubr‘ms

238 3363 379 3418 Amorem
394 3360 502 3419 cribris
517 3359 660 3418 {vocibat
674 3359 795 3433 poculis.

237 3458 298 3516 Ubi
312 3458 478 3516 nuntietum
493 3467 546 3529 est,
561 3462 709 3514 recreatus
723 3456 837 3531 gaudiis

239 3555 386 3612 Hortante
402 3553 522 3612 Baccho
537 3564 567 3611 et
580 3555 707 3626 Venere,
722 3553 824 3611 dulces
838 3551 953 3628 perficit
