2784 4109
1382 274 1391 311 ¹

239 378 282 440 62
557 376 709 439 Phaedri
729 374 928 437 Fabuldrum
1386 312 1391 518 1

256 689 301 744 Χ.
324 690 449 755 (XIV.)
486 690 568 743 Duo
585 690 734 743 Iuvenes
753 689 882 755 spinei
899 689 1005 742 Dives
1022 690 1054 741 et
1071 689 1231 754 Pauper.

380 805 515 855 Fortfinam
527 807 653 855 interdum
664 813 764 870 praeter
776 822 848 870 spem
857 806 1001 854 hominibus
1013 803 1104 853 lavere.

1389 523 1390 564 l

1389 583 1390 618 l

280 926 379 999 Unam
394 940 573 1014 expetibant
587 939 730 1014 virginem
745 940 865 997 iuvenes
879 938 959 1011 du03

239 1036 316 1108 Vicit
330 1037 462 1111 locuples
475 1054 567 1111 genus
583 1046 613 1093 et
627 1035 642 1093 f
643 1041 758 1093 ormam
773 1036 920 1111 pauperis.
1183 1063 1186 1066 ·

239 1134 282 1192 Ut
295 1133 464 1207 nuptiarum
478 1132 575 1191 dictus
590 1132 710 1191 advenit
723 1132 797 1203 dies,

239 1231 349 1286 Amans
364 1228 498 1287 dolorem
512 1230 581 1303 quia
596 1234 657 1287 non
670 1239 787 1303 poterat
800 1236 925 1305 perpeti,

240 1327 378 1383 Maerens
392 1330 574 1400 propinquos
588 1326 713 1383 contulit
726 1330 759 1383 se
772 1326 802 1383 iu
817 1326 959 1398 hortulos,
1389 1351 1390 1368 ÷

241 1422 323 1496 Quos
337 1423 412 1480 ultra
426 1422 515 1496 paulo
529 1422 595 1479 vssla
609 1421 677 1479 ditis
691 1422 847 1495 splendida
1389 1401 1390 1416 ἵ

240 1520 312 1576 Erat
325 1523 485 1593 acceptura
498 1519 642 1594 virginem
657 1523 674 1575 'e
689 1520 789 1577 matris
804 1520 879 1591 simi,

241 1618 346 1673 Parum
359 1616 459 1690 ampla
473 1615 503 1673 in
517 1617 589 1674 urbe
604 1622 665 1673 visa
678 1615 760 1690 quod
775 1616 869 1674 fuerat
883 1616 1000 1675 domus.

241 1716 354 1787 Pompa
369 1713 538 1787 explicatur,
553 1712 638 1771 turba
652 1713 799 1770 concurrit
813 1713 959 1788 frequens,

241 1812 280 1867 Et
294 1810 477 1884 coniugalem
493 1810 616 1884 praebet
631 1811 824 1883 Hymenaeus
838 1810 943 1869 facem.

240 1908 354 1965 Asellus
368 1917 477 1978 autem,
493 1912 543 1981 qui
557 1907 670 1965 solibat
684 1913 807 1981 pauperi

241 2004 404 2077 Quaestum
419 2003 542 2074 diserte,
558 2004 653 2062 stabat
668 2013 772 2077 portae
786 2004 817 2060 in
832 2003 941 2062 limine.

241 2100 328 2157 Illum
342 2101 456 2175 puellae
471 2104 540 2157 casu
554 2099 727 2157 conducunt
740 2118 820 2172 suae,

239 2198 313 2255 Viae
327 2197 441 2255 labores
456 2202 573 2255 teneros
588 2202 626 2255 ne
640 2196 759 2255 laedant
774 2197 876 2271 pedes.

241 2296 376 2369 Repente
391 2295 515 2365 caelum,
529 2294 652 2351 Veneris
667 2294 878 2366 misericordia,

239 2392 342 2448 Ventis
357 2396 499 2462 movetur,
514 2392 628 2449 intonat
643 2390 746 2447 mundi
761 2391 856 2465 fragor

241 2488 430 2561 Noctemque
445 2487 544 2545 densis
559 2487 709 2545 horridam
722 2488 828 2546 nimbis
843 2497 945 2562 parat;

241 2586 305 2642 Lux
319 2585 429 2659 rapitur
443 2585 533 2642 oculis
548 2594 578 2642 et
592 2584 678 2641 simul
692 2590 734 2642 vis
747 2584 896 2659 grandinis

240 2682 345 2739 Effusa
359 2681 490 2757 trepidos
505 2682 614 2755 passim
628 2682 753 2747 comites
768 2680 899 2755 dissipat,

238 2778 300 2837 Sibi
314 2796 463 2853 quemque
478 2783 588 2853 cogens
602 2788 703 2853 petere
717 2778 896 2853 praesidium
911 2778 986 2851 fuga.

238 2875 352 2933 Asellus
366 2880 468 2933 notum
485 2876 651 2950 proximum
665 2879 776 2932 tectum
792 2874 869 2933 subit

240 2974 280 3030 Et
292 2977 367 3030 voce
382 2978 489 3047 magud
503 2977 568 3030 sese
582 2972 694 3029 venisse
711 2970 831 3028 iudicat.

240 3071 416 3127 Procurrunt
430 3075 521 3143 pueri,
536 3069 689 3143 pulchram
705 3068 850 3143 aspiciunt
863 3066 1006 3141 virginem

240 3168 279 3223 Et
293 3166 491 3239 admirantur;
513 3165 624 3224 deinde
638 3164 761 3223 domino
775 3164 920 3222 nuntiant.

240 3266 321 3321 Inter
335 3263 451 3321 sodales
467 3264 515 3320 ille
530 3267 641 3337 paucos
657 3261 805 3319 accubans

239 3363 380 3419 Amorem
395 3361 503 3418 cribris
518 3358 661 3418 {vocabat
675 3359 796 3432 poculis

238 3459 299 3518 Ubi
313 3458 479 3516 mintiatum
494 3466 547 3528 est,
563 3462 710 3514 recreatus
724 3455 838 3530 gaudiis

240 3556 387 3612 Hortante
402 3553 522 3611 Baccho
538 3563 568 3611 et
581 3554 708 3625 Venere,
723 3552 826 3612 dulces
839 3550 955 3627 perficit
