2784 4109
559 397 662 459 Lz'ber
680 398 707 460 J.

276 692 408 747 XXIV.
430 691 590 758 (xxvl.)
634 692 756 758 Vulpes
773 696 806 746 et
826 693 981 748 ciconia.

173 825 253 883 Nulli
267 825 436 884 nocendum
448 847 457 898 ;
479 832 503 884 si
516 826 581 901 quis
595 831 665 885 vero
679 826 805 898 laeserit,

129 921 321 981 Multandum
336 922 422 980 simili
435 923 497 980 iure
513 922 623 982 fabella
637 923 788 981 admonet.
891 979 894 985 .

171 1019 284 1093 Volpes
298 1019 336 1077 ad
350 1024 456 1077 cenam
471 1019 579 1077 dicitur
591 1020 741 1077 ciconiam

130 1116 216 1174 Prior
229 1116 364 1175 invitasse
379 1126 410 1174 et
423 1118 463 1174 illi
472 1118 506 1199 in
520 1117 621 1191 patina
634 1116 775 1191 liquidam

130 1213 267 1271 Posuisse
281 1214 484 1285 sorbitionem,
499 1231 587 1288 quarn
603 1214 682 1273 nullo
698 1214 789 1272 modo

131 1312 259 1369 Gustare
273 1312 403 1369 Esuriens
417 1311 545 1386 potuerit
560 1310 683 1369 ciconia.

132 1407 219 1481 Quae
233 1408 352 1482 volpem
366 1426 434 1466 cum
448 1414 622 1479 revocfisset,
636 1409 736 1466 intrito
750 1409 819 1466 cibo

132 1504 254 1562 Plenam
269 1506 405 1580 lagonam
421 1506 537 1580 posuit;
559 1505 627 1563 huic
641 1510 767 1563 rostrum
781 1510 912 1564 inserens

132 1601 259 1660 Satiatur
272 1602 337 1676 ipsa
351 1611 381 1659 et
396 1612 514 1677 torquet
528 1609 681 1659 convivam
697 1602 784 1659 same,

132 1698 219 1772 Quae
234 1716 303 1755 cum
317 1698 439 1773 lagonae
455 1700 562 1757 collum
578 1699 681 1757 frustra
693 1699 847 1770 lamberet,

133 1797 322 1871 Peregrinam
336 1802 378 1853 sic
392 1796 521 1854 locutam
536 1796 685 1853 volucrem
700 1796 887 1870 accepimus:

133 1892 210 1951 ‘Sua
224 1892 347 1967 quisque
362 1892 498 1967 exempla
511 1891 603 1951 debet
617 1897 714 1967 aequo
729 1892 828 1950 animo
843 1895 922 1967 pati!

133 2099 247 2155 XXV.
269 2099 449 2166 (XXVH.)
488 2099 597 2154 Canto
614 2103 646 2153 et
666 2100 868 2154 Thesaurus
885 2102 918 2153 et
942 2098 1131 2155 Volturiuc.

179 2216 284 2296 [Haec
297 2222 344 2276 res
358 2223 450 2277 avaris
464 2236 528 2277 esse
542 2219 722 2277 conveniens
736 2228 835 2293 potest

135 2316 175 2373 Et
188 2322 240 2390 qui
253 2314 377 2373 humiles
390 2321 452 2374 nati
465 2315 524 2373 dici
537 2315 701 2390 locupletes
715 2313 861 2393 student]

177 2414 318 2471 Humana
332 2412 474 2471 effodiens
488 2431 555 2472 ossa
568 2413 736 2471 thEsaurum
751 2413 831 2470 canis

137 2509 254 2567 Invenit
269 2520 299 2568 et
313 2509 434 2568 violarat
447 2510 517 2585 quia
531 2511 636 2568 Manes
650 2510 734 2581 deos,

137 2607 252 2665 Iniecta
266 2616 310 2665 est
324 2607 364 2664 illi
378 2606 542 2665 divitiarum
557 2607 713 2682 cupiditas,

137 2706 251 2762 Poenas
265 2713 298 2761 ut
312 2709 430 2761 sanctae
445 2704 592 2779 Religioni
605 2703 758 2779 penderet.

137 2802 243 2875 Itaque
257 2819 359 2858 aurum
373 2800 445 2858 dum
460 2800 597 2873 custodit,
613 2802 719 2860 oblitus
733 2800 792 2859 cibi

137 2899 162 2955 F
163 2902 230 2955 ame
245 2907 290 2955 est
303 2903 513 2972 consumptus;
535 2916 623 2973 quern
639 2904 718 2956 stans
732 2897 871 2955 volturius
885 2914 973 2971 super

138 2996 242 3053 Fertur
256 2994 388 3053 locutus:
408 2981 453 3053 ‘O
468 2995 558 3065 canis,
574 2995 678 3052 merito
693 2994 781 3065 iaces,

138 3092 198 3166 Qui
212 3092 377 3166 concupisti
391 3092 488 3151 subito
502 3091 613 3165 regales
628 3096 711 3166 opes,

136 3189 238 3246 Trivio
253 3199 399 3263 concepte
415 3198 445 3246 et
459 3188 583 3247 {dicate
598 3190 745 3246 stercore)

167 3368 258 3420 XXIV,
268 3382 290 3424 4.
306 3367 437 3425 liquidam:
450 3373 498 3421 not,
509 3379 536 3410 as
546 3379 614 3423 regu-
694 3369 715 3412 8.
730 3366 857 3423 lagonam:
874 3366 934 3423 ‘jan'

138 3441 340 3499 larly‚liquidam.
694 3441 769 3494 XXV,
798 3453 831 3484 11.
862 3445 979 3485 stercore:
1009 3438 1139 3496 'dunghill

168 3526 191 3573 5.
205 3516 353 3559 sorbitionem
362 3528 370 3560 .·
387 3514 484 3560 'broth.'
666 3514 810 3571 'barnyaru'

167 3603 190 3647 7.
204 3590 306 3634 intrito:
321 3589 459 3645 'chopped'
