2784 4109
231 286 273 348 30
543 268 695 331 Phaedri
716 267 914 329 Fabuldrmn

230 456 288 517 Sed
302 462 341 515 ne
355 457 457 532 religio
471 466 578 531 peccet
592 455 763 531 imprudens
778 474 853 526 mea,

229 555 318 613 Alvos
333 554 459 628 accipite
474 564 504 611 et
518 558 592 612 ceris
608 570 682 628 opus
695 552 850 624 infundite,

229 653 272 711 Ut
287 670 324 709 ex
337 656 441 726 sapore
457 650 550 709 mellis
566 660 596 708 et
608 651 709 708 sormi
722 650 788 720 savI,

231 750 278 806 De
292 755 356 823 quis
371 766 449 805 nunc
464 749 567 823 agitur,
582 757 686 805 auctor
699 747 803 805 horum
819 749 979 823 appareat!

231 846 254 903 F
255 850 303 903 fici
317 850 471 917 recusant3
493 845 596 919 apibus
611 843 749 902 condicio
764 844 871 918 placet.

229 944 315 1000 Tunc
330 942 378 999 illa
392 942 441 1000 tali
456 942 499 1000 ius
514 942 578 999 tulit
593 942 758 999 sententia:

230 1042 392 1113 ‘Apertum
407 1048 451 1097 est
465 1040 530 1113 quis
544 1044 604 1096 non
618 1039 721 1113 possit,
736 1047 766 1095 et
780 1038 846 1112 quis
860 1038 976 1095 fecerit.

231 1137 421 1211 Quapropter
434 1136 538 1211 apibus
553 1137 679 1193 fructum
694 1135 816 1193 restituo
830 1136 934 1193 suum!

272 1234 361 1291 Hanc
376 1240 580 1308 praeterissem
595 1233 729 1291 fabulam
743 1232 869 1304 silentio,

230 1331 260 1389 Si
272 1339 391 1405 pactam
406 1330 470 1387 suci
484 1335 544 1387 non
559 1334 743 1387 recusassent
757 1327 859 1386 fidem.

386 1501 450 1555 XI.
471 1500 596 1565 (xlv.)
632 1499 686 1552 De
702 1500 804 1553 Lusci
822 1502 854 1551 et
871 1498 1070 1552 Severitate.

272 1622 431 1678 Puerorum
444 1618 475 1675 in
490 1618 575 1676 turba
589 1617 710 1693 quidam
726 1618 877 1676 ludentem
891 1617 1006 1675 Atticus

230 1719 381 1791 Aesopum
395 1716 518 1774 nucibus
533 1733 601 1773 cum
615 1714 744 1785 vidisset,
759 1715 864 1772 restitit

232 1815 271 1871 Et
284 1814 368 1888 quasi
382 1812 506 1870 delirum
522 1812 591 1869 risit.
634 1812 725 1885 Quod
739 1811 829 1869 sensit
844 1811 929 1868 simul

231 1912 354 1969 Derisor
367 1910 465 1985 potius
480 1927 569 1984 quam
583 1908 764 1967 deridendus
779 1926 877 1979 senex,

231 2010 340 2065 Arcum
355 2011 502 2065 retensum
517 2006 615 2081 posuit
629 2006 660 2063 in
674 2005 774 2062 media
786 2006 851 2063 via:

231 2106 336 2162 ‘Heus
349 2105 373 2163 !’
388 2103 491 2178 inquit,
508 2102 651 2177 ‘sapiens
667 2102 784 2176 expedi,
798 2102 871 2176 quid
885 2100 1030 2160 fecerim!

232 2201 387 2261 Concurrit
400 2200 536 2276 populus.
579 2200 632 2257 Ille
647 2204 679 2257 se
693 2208 812 2273 torquet
826 2198 877 2257 diii

232 2299 298 2356 Nec
312 2298 492 2373 quaestionis
505 2297 619 2371 positae
634 2313 754 2353 causam
768 2295 919 2370 intellegit.

232 2396 399 2454 Novissime
414 2394 588 2453 succumbit.
629 2395 707 2450 Tum
721 2399 815 2450 victor
829 2392 958 2466 sophus:

231 2493 318 2552 ‘Cito
332 2496 450 2567 rumpes
464 2509 574 2562 arcum,
589 2507 708 2564 semper
721 2496 746 2547 si
759 2494 875 2547 tensum
889 2487 1045 2559 habueris3

231 2591 269 2647 At
284 2596 308 2647 si
321 2590 434 2660 laxaris,
449 2606 516 2645 cum
532 2587 611 2646 voles
627 2588 682 2644 erit
696 2586 793 2644 utilis)

271 2688 318 2745 Sic
332 2686 418 2744 ludus
432 2686 531 2743 animo
545 2685 636 2743 debet
650 2682 810 2757 aliquando
824 2682 897 2753 dari,

231 2783 278 2842 Ad
293 2782 483 2858 cogitandum
498 2782 601 2840 melior
615 2790 647 2838 ut
661 2780 764 2838 redeat
777 2780 840 2838 tibi.

424 2954 509 3008 XII.
530 2952 655 3017 (xvl.)
696 2950 829 3004 Cicada
846 2952 879 3003 et
894 2948 1041 3003 Nomou.

272 3072 458 3131 Humanitati
471 3078 522 3146 qui
536 3076 567 3130 se
581 3076 642 3128 non
656 3067 874 3139 accommodat,

232 3170 407 3244 PIErumque
422 3175 534 3244 poenas
549 3167 665 3242 oppetit
680 3166 842 3241 superbiae.

271 3266 385 3326 Cicada
399 3265 536 3323 acerbum
553 3273 679 3321 noctuae
695 3263 862 3321 convicium

259 3417 281 3460 9.
298 3403 380 3448 alvis:
394 3402 542 3447 ‘boe-hives.'
783 3400 892 3444 Noctua:
908 3398 980 3444 'owL'

260 3477 318 3523 XII.
333 3476 420 3521 Cicada
428 3492 437 3520 .·
447 3480 452 3497 ‘
462 3475 563 3520 cricket.’
