2784 4109
592 256 743 319 Phaedri
763 256 961 319 Fcibulcirum

542 554 644 608 XIII.
688 552 808 619 Vulpes
825 556 858 606 et
877 552 1021 607 Omna.

321 707 381 781 Qui
395 711 425 765 se
440 705 551 764 laudari
564 706 673 781 gaudet
687 706 783 764 verbis
797 704 936 776 subdolis,

281 805 351 863 Seri
365 804 416 861 dat
430 809 542 879 poenas
558 808 657 878 turpes
672 802 861 877 paenitentia

321 902 397 960 Cum
413 900 452 959 de
466 901 594 959 fenestri
607 918 712 958 corvus
728 909 843 974 raptum
857 904 975 957 caiseum

281 1000 423 1058 Comesse
438 998 535 1069 vellet,
549 997 628 1055 celsi
642 996 773 1054 residens
787 996 901 1067 arbore,

280 1096 391 1170 Volpis
406 1095 484 1152 hunc
497 1095 580 1165 vidit,
595 1093 705 1152 deinde
720 1100 761 1151 sic
775 1093 876 1168 coepit
890 1092 987 1167 loqui:

282 1180 327 1252 ‘O
341 1198 392 1266 qui
406 1198 530 1263 tuirum,
545 1209 642 1264 corve,
658 1196 820 1265 pennirum
835 1199 880 1248 est
893 1190 990 1248 nitor!

282 1290 432 1363 Quantum
447 1288 563 1346 decinis
577 1306 703 1363 corpore
718 1297 748 1345 et
761 1287 843 1344 vultu
857 1287 952 1361 geris!

281 1388 311 1446 Si
323 1392 429 1444 vicem
443 1385 577 1457 haberes
592 1385 670 1443 milla
685 1385 765 1459 prior
778 1384 839 1441 iles
852 1383 947 1441 foret!

281 1487 320 1542 At
333 1484 383 1541 ille
396 1483 509 1554 stultus,
524 1482 595 1541 dum
610 1482 671 1539 vult
685 1486 791 1538 vicem
805 1479 973 1553 ostendere,

281 1567 387 1639 Emisit
402 1586 453 1639 <ire
468 1586 598 1652 ciseum,
613 1597 703 1653 quem
717 1578 853 1635 celeriter

282 1679 394 1737 Doldsa
406 1678 508 1752 volpes
522 1675 613 1734 avidis
628 1676 724 1750 rapuit
739 1675 886 1733 dentibus.

281 1776 358 1833 Tum
373 1775 495 1832 demum
509 1774 651 1849 ingemuit
664 1778 746 1830 corvi
760 1772 905 1847 deeeptus
919 1781 1029 1847 stupor.

325 1871 410 1949 [Haic
424 1876 456 1929 re
470 1870 610 1946 probatur
624 1880 767 1945 quantum
783 1870 933 1945 ingenium
947 1869 1042 1940 valet;

281 1969 395 2027 Virtute
410 1986 527 2043 semper
541 1967 689 2043 praevalet
703 1964 875 2044 sapientia]

518 2242 615 2298 XIV.
651 2242 710 2294 Em
727 2240 853 2295 Sirim
870 2239 1041 2294 Medicus.

322 2396 420 2455 Malus
433 2413 502 2453 cum
516 2400 598 2453 sitor
612 2394 712 2469 inopiai
726 2392 898 2468 deperditus

282 2493 464 2552 Medicinam
477 2496 580 2567 igniti
596 2492 693 2549 facere
708 2490 855 2566 coepisset
868 2490 937 2548 loci)

282 2592 322 2649 Et
334 2590 500 2648 venditairet
514 2588 587 2646 falsi)
601 2588 768 2647 antidotum
783 2587 912 2658 numine,

280 2687 419 2746 Verbdsis
434 2686 590 2760 adquisivit
604 2686 660 2744 sibi
674 2685 785 2743 simam
800 2684 936 2758 strophis.

282 2785 343 2842 Hic
358 2802 426 2841 cum
440 2784 551 2841 iaceret
565 2784 671 2841 morbi)
686 2781 840 2840 cnnseetus
853 2786 933 2855 gravi

282 2883 348 2940 Rex
361 2880 449 2953 urbis,
465 2881 527 2938 eius
543 2878 716 2955 experiendi
729 2878 821 2953 gratii

281 2978 429 3054 Scyphum
443 2977 600 3053 poposcit3
622 2976 689 3033 frisa
704 2975 774 3033 dein
789 2974 927 3032 simulins
940 2977 1018 3048 aqua

281 3074 424 3134 Antidotd
439 3074 561 3133 miscere
577 3073 650 3130 illius
666 3077 697 3130 se
713 3072 852 3142 toxicum,

280 3160 411 3233 Ebibere
425 3172 507 3230 iussit
521 3171 616 3245 ipsum
632 3170 729 3244 positi
743 3169 885 3243 praemii).

280 3271 400 3328 Timire
415 3269 517 3327 mortis
531 3268 580 3325 ille
588 3277 656 3331 tum
671 3266 823 3325 cunfessus
837 3275 881 3324 est

396 3457 462 3511 xlv,
471 3471 493 3514 4,
507 3456 622 3513 strophis:
639 3454 738 3499 ‘tricks'
913 3468 935 3510 7.
950 3453 1075 3510 scyphum:
1089 3450 1163 3508 ‘cup'
