2784 4109
539 385 643 448 Liber
663 387 726 448 III.

392 680 422 733 Ι.
459 679 559 733 Araus
577 680 626 732 ud
643 679 876 746 Amphoram.

175 815 256 872 Anus
270 814 367 871 iacEre
380 813 454 871 vidit
469 818 589 887 epotam
604 814 790 888 amphoram,

127 910 242 967 Adhuc
258 912 282 968 F
282 911 383 968 alerna
395 910 477 967 faece
493 915 510 968 e
525 916 600 968 testi
614 912 706 970 nobili

129 1007 268 1067 Odorem
282 1024 358 1081 quae
374 1006 536 1064 iocundum
550 1007 610 1064 late
625 1017 783 1082 spargeret.

131 1106 226 1162 Hunc
241 1114 398 1178 postquam
413 1110 481 1161 totis
496 1103 582 1161 avida
596 1105 683 1162 traxit
697 1106 834 1163 naribus:

130 1187 179 1259 ‘O
194 1202 289 1259 suivis
302 1201 419 1259 anima!
441 1201 528 1276 quale
543 1200 573 1259 in
588 1205 618 1258 te
633 1200 731 1258 dicam
746 1203 857 1260 bonum

130 1297 268 1355 Antehic
283 1298 380 1371 fuisse,
394 1298 468 1355 tales
483 1316 551 1355 cum
567 1298 625 1356 sint
636 1298 815 1372 reliquiae?'

176 1395 247 1453 Hbc
261 1400 321 1470 quo
336 1395 490 1471 pertineat,
503 1394 586 1453 dicet
600 1402 650 1469 qui
665 1399 713 1453 me
727 1397 850 1453 noverit.

378 1619 428 1672 ΙΙ.
464 1619 647 1672 Panthera
665 1622 697 1671 et
714 1619 891 1673 Pastoris.

175 1754 254 1813 Solet
268 1760 287 1811 a
300 1753 449 1828 despectis
464 1760 517 1828 pair
531 1753 633 1811 referri
646 1753 747 1827 gratia.

131 1850 280 1909 Panthera
295 1851 468 1925 imprudens
483 1851 554 1908 olim
568 1851 598 1907 in
614 1851 729 1907 foveam
744 1849 865 1908 decidit.

129 1948 241 2006 Videre
256 1952 385 2023 agrestes
398 1968 405 2019 ;
427 1948 476 2005 alii
490 1948 585 2005 fustes
600 1956 772 2022 congerunt,

129 2046 190 2102 Alii
203 2055 327 2102 onerant
342 2050 436 2116 saxis;
458 2044 579 2119 quidam
594 2049 698 2101 contra
713 2044 834 2101 miseriti

131 2143 282 2200 Periturae
296 2142 417 2216 quippe,
433 2147 566 2215 quamvis
580 2145 669 2198 nemo
684 2140 825 2210 laederet,

131 2240 241 2297 Misere
257 2244 375 2313 panem,
391 2248 423 2296 ut
437 2238 592 2296 sustineret
608 2238 750 2312 spiritum.

132 2337 203 2393 Nox
216 2340 350 2393 insecuta
364 2345 428 2407 est;
450 2336 559 2393 abeunt
574 2339 669 2392 securi
682 2333 815 2406 domum,

132 2432 224 2506 Quasi
238 2433 384 2490 inventuri
399 2442 544 2490 mortuam
559 2430 710 2506 postridie

132 2531 170 2587 At
184 2530 241 2602 illa,
256 2534 331 2587 vires
346 2539 378 2587 ut
392 2529 500 2587 reiecit
515 2528 676 2603 languidis,

130 2627 236 2684 Veloci
250 2627 325 2684 saltu
339 2628 425 2685 fovea
438 2630 503 2683 sese
517 2626 621 2683 liberat

132 2723 172 2780 Et
185 2724 215 2780 in
230 2723 327 2782 cubile
341 2724 460 2781 concito
476 2731 614 2798 properat
628 2721 729 2797 gradu.

131 2822 235 2879 Paucis
250 2820 354 2879 dicbus
368 2820 546 2895 interpositis
561 2820 704 2894 provolat,

132 2919 227 2975 Pecus
240 2917 376 2989 trucidat,
391 2918 471 2991 ipsos
486 2920 619 2991 pastoris
634 2925 731 2987 necat,

131 3016 172 3072 Et
186 3019 294 3072 cuncta
306 3020 422 3072 vastans
437 3013 528 3071 saevit
541 3018 615 3070 irato
630 3013 752 3087 impetu.

129 3112 208 3168 Tum
223 3111 277 3169 sibi
292 3112 438 3182 timentes,
454 3116 505 3185 qui
519 3111 598 3168 ferae
613 3119 817 3184 pepercerant,

131 3209 282 3265 Damnum
295 3207 375 3265 haud
390 3213 534 3278 recusant,
549 3216 662 3264 tantum
677 3212 732 3281 pro
747 3211 805 3264 vitai
819 3216 932 3281 rogant.

130 3306 169 3361 At
182 3304 248 3361 illa:
272 3304 415 3362 ‘Memini
428 3310 479 3378 qui
492 3308 540 3361 me
555 3308 625 3361 saxo
641 3304 768 3378 petierit,

161 3502 211 3557 1,1.
226 3504 330 3560 &potam
347 3503 479 3560 ‘emptied.'
685 3502 718 3555 ΙΙ,
729 3515 749 3559 3.
759 3502 858 3559 sistis:
875 3501 970 3546 ‘clubs’

159 3578 181 3621 6.
196 3578 310 3622 antehac:
324 3578 482 3634 pronounced
492 3578 584 3621 anthdc.
