2784 4109
561 440 664 505 Liber
687 444 720 506 V.

130 630 260 689 Voluisti
274 639 370 686 morte
384 629 503 702 ulcisci;
526 628 598 703 quid
613 630 703 688 facies
718 630 782 703 tibi,

131 726 265 785 Iniuriae
279 731 330 801 qui
344 724 495 783 addideris
510 726 757 784 contumiliami’

129 821 322 899 Respondit:
346 824 485 881 ‘Mecum
500 823 585 881 facile
599 822 690 881 redeo
706 824 735 881 in
749 826 882 899 gritiam,

133 920 214 994 Quia
227 925 288 977 non
302 919 390 977 fuisse
405 929 535 977 mentem
549 918 687 977 laedendi
702 922 770 979 scio.

132 1016 194 1076 Sed
209 1021 248 1087 ti,
263 1022 429 1091 contempti
442 1016 556 1091 generis
571 1016 679 1074 animal
693 1018 871 1092 improbum,

132 1115 220 1188 Quae
235 1113 389 1171 delectaris
404 1113 506 1171 bibere
522 1113 681 1171 humanum
696 1116 878 1189 sanguinem,

132 1212 246 1285 Optem
261 1215 367 1267 necare
381 1211 427 1267 vel
442 1210 552 1267 maiore
567 1211 779 1270 incommodo!

175 1308 245 1365 Hoc
261 1312 465 1381 argumentum
479 1307 565 1364 venia
578 1306 683 1365 donati
697 1308 797 1380 docet,

132 1404 194 1478 Qui
207 1408 277 1461 ca'tsfi
291 1413 407 1478 peccat.
450 1403 529 1461 Nam
544 1410 595 1478 qui
609 1405 732 1462 consilio
748 1414 792 1462 est
806 1409 927 1477 nocens,

133 1500 222 1559 Illum
237 1517 300 1558 esse
315 1505 415 1575 quavis
430 1500 550 1575 dignum
565 1507 662 1576 poeni
675 1502 784 1560 iudico.

390 1707 452 1762 IV.
487 1706 620 1759 Asinus
639 1708 670 1758 et
687 1704 879 1760 Porcellus.

173 1842 304 1916 Quidam
318 1840 498 1899 immolasset
512 1858 628 1897 verrem
642 1858 711 1899 cum
726 1847 829 1900 sancto
844 1841 977 1912 Herculi,

132 1940 190 1999 Cui
205 1944 259 2014 pro
273 1938 365 1996 saliite
378 1943 480 1995 votum
495 1936 625 1996 debibat
639 1943 700 2009 sua,

131 2036 233 2095 'Asello
248 2035 330 2093 iussit
344 2035 479 2109 reliquiis
494 2040 565 2109 poni
579 2034 692 2094 hordei.

133 2134 216 2207 Quis
229 2138 400 2207 {spematus
414 2131 462 2189 ille
476 2138 517 2189 sie
532 2132 647 2190 locirtus
662 2141 725 2189 est:

133 2229 293 2288 ‘Libenter
306 2229 394 2287 istum
408 2233 525 2302 prorsus
540 2238 713 2302 appeterem
727 2228 836 2299 cibum,

133 2326 209 2397 Nisi,
224 2331 274 2400 qui
287 2330 411 2383 nutritus
425 2325 475 2383 iilo
489 2335 543 2396 est,
558 2325 702 2400 iugulatus
717 2325 810 2383 foret)

175 2423 273 2481 Hirius
287 2426 423 2497 respectu
437 2422 557 2480 fibulae
573 2422 729 2481 deterritus

133 2520 333 2578 Periculosum
348 2536 465 2593 semper
478 2524 565 2577 vitivi
577 2519 700 2576 lucrum.

132 2615 193 2676 Sed
208 2616 299 2675 dicis:
322 2616 401 2689 ‘Qui
414 2620 536 2691 rapuere
551 2615 675 2687 divitias,
691 2615 819 2674 habent.'

133 2810 279 2868 Maiorem
294 2810 409 2868 turbam
425 2814 592 2883 pituitomm
607 2809 744 2884 reperies.

133 2908 238 2965 Paucis
252 2906 401 2965 temeritas
416 2917 460 2964 est
474 2907 563 2977 bono,
578 2906 675 2964 multis
690 2907 778 2964 malo.

404 3129 447 3184 V.
483 3128 616 3183 Somno
633 3128 862 3184 ermanricus.

146 3264 267 3351 JPravd
281 3263 381 3321 favore
394 3263 453 3322 labi
467 3263 603 3322 mortales
618 3264 723 3322 solent.

132 3362 182 3433 Et,
196 3366 251 3435 pro
265 3360 376 3419 iudicio
390 3360 461 3419 dum
476 3370 554 3419 stant
569 3361 673 3419 erroris
687 3368 741 3432 sui,

132 3458 181 3516 Ad
195 3456 408 3532 paenitendum
422 3459 508 3516 rEbus
523 3458 683 3515 manifestis
697 3464 753 3534 agi.

162 3636 205 3689 IV,
217 3648 236 3682 1.
251 3648 360 3682 verrem:
376 3635 445 3692 ‘pigl
689 3636 720 3681 V.
733 3636 839 3681 Scurra:
855 3632 951 3692 ‘jesten'
