2784 4109
540 278 644 341 Liber
663 280 690 341 I.

114 466 260 525 Contexit
274 466 356 524 illum
371 466 476 524 frutice
490 475 521 523 et
535 465 689 524 admonuit
703 466 798 537 simul,

113 566 161 623 Ut
175 568 289 621 insuete
302 568 376 621 vece
391 567 515 621 terreret
529 563 614 635 feres

114 660 278 734 Fugientes
292 660 356 735 ipse
370 660 529 734 exciperet.
572 661 632 717 Hic
647 661 784 718 auritulus

115 758 289 816 Clemerem
303 758 400 817 subite
415 762 483 815 tetis
498 757 572 815 tollit
586 757 694 816 viribus

114 856 265 929 Noveque
281 854 377 912 turbat
391 855 499 913 besties
514 854 664 912 mirecule.

114 952 204 1025 Quae
219 951 289 1008 dum
306 956 446 1025 paventes
461 951 555 1009 exitiis
570 956 657 1009 netes
672 961 785 1025 petunt,

116 1048 228 1105 Leenis
242 1047 418 1122 adfliguntur
432 1048 581 1106 horrende
595 1049 717 1123 impetu.

116 1146 180 1219 Qui
193 1153 350 1219 postquam
364 1144 458 1203 caede
473 1145 565 1203 fessus
580 1154 633 1217 est,
648 1146 763 1203 asinum
778 1150 883 1204 evocat

117 1241 266 1316 Iubetque
281 1248 386 1300 vecem
402 1260 546 1317 premere.
587 1244 672 1299 Tunc
687 1242 735 1299 ille
748 1243 895 1301 insolens:

116 1339 240 1413 ‘Quelis
254 1338 370 1398 videtur
383 1357 475 1414 opera
488 1339 541 1397 tibi
555 1339 636 1397 vecis
650 1341 772 1397 meae?’

116 1422 282 1511 ‘Insignis'
296 1436 400 1511 inquit,
417 1440 477 1503 ‘sic
491 1446 532 1507 ut,
547 1436 601 1493 nisi
617 1442 735 1494 nessem
751 1445 833 1494 tuum

115 1533 259 1591 Animum
273 1550 434 1609 genusque,
450 1533 536 1591 simili
550 1533 694 1608 legissem
709 1536 809 1592 metii)

373 1739 458 1795 XII.
496 1739 625 1793 Cereus
644 1740 692 1794 ad
709 1740 867 1795 rnorem.

67 1844 71 1851 ⁵
160 1858 299 1917 Laudetis
313 1858 439 1931 fitiliera,
453 1875 530 1932 quae
544 1860 769 1933 contempseris,

116 1956 215 2030 Saepe
228 1956 351 2013 inveniri
366 1955 439 2013 haec
454 1956 556 2013 asserit
570 1956 707 2013 nemetie.

159 2043 206 2110 A‘d
222 2052 236 2109 f
239 2057 341 2110 entem
355 2070 467 2124 cervus,
482 2071 551 2109 cum
566 2052 696 2124 bibisset,
712 2053 817 2111 restitit

118 2150 159 2207 Et
171 2150 203 2207 in
217 2148 330 2224 liquere
343 2150 416 2208 vidit
431 2136 557 2225 effigiem
573 2169 664 2209 suam.

117 2246 166 2305 Ibi
181 2246 253 2304 dum
267 2252 382 2304 remesa
396 2253 503 2305 mirens
518 2246 618 2305 laudat
632 2265 744 2305 cornua

117 2344 304 2417 Crurumque
318 2344 439 2402 nimiam
454 2345 629 2403 tenuitetem
643 2345 799 2419 vituperat,

116 2442 287 2497 Venantum
302 2442 399 2500 subite
414 2442 534 2500 vecibus
549 2442 725 2500 conterritus

118 2539 176 2595 Per
189 2555 328 2612 campum
343 2538 443 2613 fugere
459 2539 558 2613 coepit
574 2549 603 2597 et
617 2544 704 2597 cursu
718 2539 774 2596 levi

118 2635 217 2693 Canes
232 2635 325 2693 elisit.
367 2635 443 2694 Silva
457 2646 518 2694 tum
534 2636 651 2710 excepit
666 2635 770 2708 serum,

120 2733 157 2789 In
171 2736 230 2805 que
244 2738 363 2789 retentis
378 2732 536 2807 impedItus
552 2733 690 2791 cornibus

119 2830 256 2886 Laceren‘
270 2830 370 2904 coepit
385 2830 527 2888 morsibus
542 2836 634 2887 saevis
650 2848 768 2887 canum.

117 2926 204 2982 Tunc
219 2926 348 2984 moriens
362 2932 467 2984 recem
481 2926 558 2984 hanc
574 2926 701 2985 edidisse
716 2926 840 2984 dicitur:

118 3008 166 3081 (ὅ
182 3026 231 3080 me
243 3022 414 3081 infelicem!
436 3029 487 3097 qui
501 3042 578 3081 nunc
593 3015 715 3081 demum
731 3024 877 3098 intellege,

118 3104 212 3177 Utilia
226 3119 400 3193 mihiquem
416 3119 530 3191 suerint,
546 3138 621 3194 quae
636 3120 842 3195 despexeram,

120 3216 168 3288 Et,
184 3233 261 3291 quae
276 3215 435 3289 lauderam,
452 3227 592 3291 quantum
607 3217 703 3275 lectis
718 3218 891 3275 habuerint!

407 3395 451 3449 XI,
461 3409 483 3451 4.
495 3395 603 3453 frutice:
623 3395 713 3441 'busb'

410 3482 443 3525 13.
459 3475 546 3525 opera:
563 3469 658 3523 ‘effect'
669 3469 788 3515 ‘service'
