<?xml version="1.0" encoding="UTF-8"?>
<!DOCTYPE html PUBLIC "-//W3C//DTD XHTML 1.0 Transitional//EN"
    "http://www.w3.org/TR/xhtml1/DTD/xhtml1-transitional.dtd">
<html xmlns="http://www.w3.org/1999/xhtml" xml:lang="en" lang="en">
 <head>
  <title>
</title>
<meta http-equiv="Content-Type" content="text/html;charset=utf-8" />
  <meta name='ocr-system' content='tesseract 3.04.00' />
  <meta name='ocr-capabilities' content='ocr_page ocr_carea ocr_par ocr_line ocrx_word'/>
</head>
<body>
  <div class='ocr_page' id='page_1' title='image "./selectedfablesp00drakgoog_0076.png"; bbox 0 0 2784 4109; ppageno 0'>
   <div class='ocr_carea' id='block_1_1' title="bbox 576 400 949 463">
    <p class='ocr_par' dir='ltr' id='par_1_1' title="bbox 576 400 949 463">
     <span class='ocr_line' id='line_1_1' title="bbox 576 400 949 463; baseline 0.005 -2"><span class='ocrx_word' id='word_1_1' title='bbox 576 400 730 463; x_wconf 75' lang='lat' dir='ltr'><em>Phaedri</em></span> <span class='ocrx_word' id='word_1_2' title='bbox 750 400 949 463; x_wconf 72' lang='lat' dir='ltr'><strong>Fabuldmm</strong></span> 
     </span>
    </p>
   </div>
   <div class='ocr_carea' id='block_1_2' title="bbox 550 749 968 824">
    <p class='ocr_par' dir='ltr' id='par_1_2' title="bbox 550 749 968 824">
     <span class='ocr_line' id='line_1_2' title="bbox 550 749 968 824; baseline 0.007 -3"><span class='ocrx_word' id='word_1_3' title='bbox 550 749 968 824; x_wconf 87' lang='lat' dir='ltr'>APPENDIX.</span> 
     </span>
    </p>
   </div>
   <div class='ocr_carea' id='block_1_3' title="bbox 692 952 831 979">
    <p class='ocr_par' dir='ltr' id='par_1_3' title="bbox 692 952 831 979">
     <span class='ocr_line' id='line_1_3' title="bbox 692 952 831 979; baseline 0 0"><span class='ocrx_word' id='word_1_4' title='bbox 692 952 831 979; x_wconf 74' lang='lat'>-000—</span> 
     </span>
    </p>
   </div>
   <div class='ocr_carea' id='block_1_4' title="bbox 585 1094 935 1159">
    <p class='ocr_par' dir='ltr' id='par_1_4' title="bbox 585 1094 935 1159">
     <span class='ocr_line' id='line_1_4' title="bbox 585 1094 935 1159; baseline 0.003 -2"><span class='ocrx_word' id='word_1_5' title='bbox 585 1094 766 1158; x_wconf 60' lang='lat' dir='ltr'>FABULAE</span> <span class='ocrx_word' id='word_1_6' title='bbox 790 1106 935 1159; x_wconf 75' lang='lat' dir='ltr'><strong>novnn.</strong></span> 
     </span>
    </p>
   </div>
   <div class='ocr_carea' id='block_1_5' title="bbox 605 1271 913 1335">
    <p class='ocr_par' dir='ltr' id='par_1_5' title="bbox 605 1271 913 1335">
     <span class='ocr_line' id='line_1_5' title="bbox 605 1271 913 1335; baseline 0.006 -12"><span class='ocrx_word' id='word_1_7' title='bbox 605 1271 635 1324; x_wconf 91' lang='grc' dir='ltr'><strong>Ι.</strong></span> <span class='ocrx_word' id='word_1_8' title='bbox 658 1271 734 1335; x_wconf 91' lang='grc' dir='ltr'>(ΙΙ.)</span> <span class='ocrx_word' id='word_1_9' title='bbox 770 1271 913 1325; x_wconf 73' lang='lat' dir='ltr'><strong>Auomr.</strong></span> 
     </span>
    </p>
   </div>
   <div class='ocr_carea' id='block_1_6' title="bbox 539 1387 980 1453">
    <p class='ocr_par' dir='ltr' id='par_1_6' title="bbox 539 1387 980 1453">
     <span class='ocr_line' id='line_1_6' title="bbox 539 1387 980 1453; baseline 0.009 -18"><span class='ocrx_word' id='word_1_10' title='bbox 539 1387 599 1436; x_wconf 68' lang='lat' dir='ltr'><strong>Nan</strong></span> <span class='ocrx_word' id='word_1_11' title='bbox 611 1402 664 1435; x_wconf 84' lang='lat' dir='ltr'><strong>esse</strong></span> <span class='ocrx_word' id='word_1_12' title='bbox 676 1387 732 1451; x_wconf 77' lang='lat' dir='ltr'><strong>plds</strong></span> <span class='ocrx_word' id='word_1_13' title='bbox 743 1389 824 1453; x_wconf 71' lang='lat' dir='ltr'><strong>aequa</strong></span> <span class='ocrx_word' id='word_1_14' title='bbox 834 1390 980 1452; x_wconf 87' lang='lat' dir='ltr'><strong>petendum.</strong></span> 
     </span>
    </p>
   </div>
   <div class='ocr_carea' id='block_1_7' title="bbox 256 1519 1031 2855">
    <p class='ocr_par' dir='ltr' id='par_1_7' title="bbox 256 1519 1031 2855">
     <span class='ocr_line' id='line_1_7' title="bbox 298 1519 811 1579; baseline 0.004 -2"><span class='ocrx_word' id='word_1_15' title='bbox 298 1519 428 1579; x_wconf 75' lang='lat' dir='ltr'><strong>Arbitria</strong></span> <span class='ocrx_word' id='word_1_16' title='bbox 442 1526 467 1578; x_wconf 90' lang='lat' dir='ltr'><strong>si</strong></span> <span class='ocrx_word' id='word_1_17' title='bbox 480 1525 584 1578; x_wconf 82' lang='lat' dir='ltr'><strong>natura</strong></span> <span class='ocrx_word' id='word_1_18' title='bbox 597 1521 729 1578; x_wconf 87' lang='lat' dir='ltr'><strong>finxisset</strong></span> <span class='ocrx_word' id='word_1_19' title='bbox 742 1526 811 1579; x_wconf 73' lang='lat' dir='ltr'><strong>mea</strong></span> 
     </span>
     <span class='ocr_line' id='line_1_8' title="bbox 259 1618 900 1692; baseline 0.003 -17"><span class='ocrx_word' id='word_1_20' title='bbox 259 1618 360 1676; x_wconf 89' lang='lat' dir='ltr'><strong>Genus</strong></span> <span class='ocrx_word' id='word_1_21' title='bbox 375 1618 509 1689; x_wconf 83' lang='lat' dir='ltr'><strong>mortale,</strong></span> <span class='ocrx_word' id='word_1_22' title='bbox 523 1619 611 1692; x_wconf 79' lang='lat' dir='ltr'><strong>longe</strong></span> <span class='ocrx_word' id='word_1_23' title='bbox 626 1618 702 1675; x_wconf 85' lang='lat' dir='ltr'><strong>soret</strong></span> <span class='ocrx_word' id='word_1_24' title='bbox 714 1619 900 1677; x_wconf 76' lang='lat' dir='ltr'><strong>instriictius:</strong></span> 
     </span>
     <span class='ocr_line' id='line_1_9' title="bbox 259 1714 937 1787; baseline 0 -16"><span class='ocrx_word' id='word_1_25' title='bbox 259 1715 337 1771; x_wconf 92' lang='lat' dir='ltr'><strong>Nam</strong></span> <span class='ocrx_word' id='word_1_26' title='bbox 352 1719 461 1772; x_wconf 80' lang='lat' dir='ltr'><strong>cuncta</strong></span> <span class='ocrx_word' id='word_1_27' title='bbox 474 1715 559 1773; x_wconf 73' lang='lat' dir='ltr'><strong>nabis</strong></span> <span class='ocrx_word' id='word_1_28' title='bbox 574 1715 754 1773; x_wconf 87' lang='lat' dir='ltr'><strong>attribuisset</strong></span> <span class='ocrx_word' id='word_1_29' title='bbox 767 1714 937 1787; x_wconf 85' lang='lat' dir='ltr'><strong>commoda,</strong></span> 
     </span>
     <span class='ocr_line' id='line_1_10' title="bbox 259 1810 1031 1887; baseline 0.004 -19"><span class='ocrx_word' id='word_1_30' title='bbox 259 1811 472 1885; x_wconf 87' lang='lat' dir='ltr'><strong>Quaecumque</strong></span> <span class='ocrx_word' id='word_1_31' title='bbox 487 1811 641 1887; x_wconf 71' lang='lat' dir='ltr'><strong>indulgens</strong></span> <span class='ocrx_word' id='word_1_32' title='bbox 655 1813 679 1869; x_wconf 93' lang='lat' dir='ltr'>F</span> <span class='ocrx_word' id='word_1_33' title='bbox 681 1817 785 1870; x_wconf 75' lang='lat' dir='ltr'><strong>annua</strong></span> <span class='ocrx_word' id='word_1_34' title='bbox 798 1811 917 1870; x_wconf 86' lang='lat' dir='ltr'><strong>animali</strong></span> <span class='ocrx_word' id='word_1_35' title='bbox 929 1810 1031 1871; x_wconf 86' lang='lat' dir='ltr'><strong>dedit:</strong></span> 
     </span>
     <span class='ocr_line' id='line_1_11' title="bbox 259 1908 837 1984; baseline 0.002 -19"><span class='ocrx_word' id='word_1_36' title='bbox 259 1908 417 1983; x_wconf 88' lang='lat' dir='ltr'><strong>Elephanti</strong></span> <span class='ocrx_word' id='word_1_37' title='bbox 430 1914 514 1979; x_wconf 73' lang='lat' dir='ltr'><strong>viras,</strong></span> <span class='ocrx_word' id='word_1_38' title='bbox 530 1918 560 1966; x_wconf 94' lang='lat' dir='ltr'><strong>et</strong></span> <span class='ocrx_word' id='word_1_39' title='bbox 574 1909 667 1966; x_wconf 76' lang='lat' dir='ltr'><strong>leanis</strong></span> <span class='ocrx_word' id='word_1_40' title='bbox 681 1910 837 1984; x_wconf 89' lang='lat' dir='ltr'><strong>impetum,</strong></span> 
     </span>
     <span class='ocr_line' id='line_1_12' title="bbox 258 2005 857 2081; baseline -0.003 -16"><span class='ocrx_word' id='word_1_41' title='bbox 258 2005 391 2065; x_wconf 89' lang='lat' dir='ltr'><strong>Cornicis</strong></span> <span class='ocrx_word' id='word_1_42' title='bbox 406 2024 519 2077; x_wconf 87' lang='lat' dir='ltr'><strong>aevum,</strong></span> <span class='ocrx_word' id='word_1_43' title='bbox 534 2006 657 2081; x_wconf 74' lang='lat' dir='ltr'><strong>glariam</strong></span> <span class='ocrx_word' id='word_1_44' title='bbox 672 2013 746 2063; x_wconf 86' lang='lat' dir='ltr'><strong>tauri</strong></span> <span class='ocrx_word' id='word_1_45' title='bbox 760 2006 857 2078; x_wconf 88' lang='lat' dir='ltr'><strong>trucis,</strong></span> 
     </span>
     <span class='ocr_line' id='line_1_13' title="bbox 258 2102 901 2177; baseline -0.006 -13"><span class='ocrx_word' id='word_1_46' title='bbox 258 2104 336 2177; x_wconf 89' lang='lat' dir='ltr'><strong>Equi</strong></span> <span class='ocrx_word' id='word_1_47' title='bbox 348 2103 458 2161; x_wconf 70' lang='lat' dir='ltr'><strong>valacis</strong></span> <span class='ocrx_word' id='word_1_48' title='bbox 473 2102 620 2177; x_wconf 81' lang='lat' dir='ltr'><strong>placidam</strong></span> <span class='ocrx_word' id='word_1_49' title='bbox 635 2103 901 2175; x_wconf 68' lang='lat' dir='ltr'><strong>mansuatudinem</strong></span> 
     </span>
     <span class='ocr_line' id='line_1_14' title="bbox 258 2199 885 2258; baseline -0.002 0"><span class='ocrx_word' id='word_1_50' title='bbox 258 2202 296 2257; x_wconf 89' lang='lat' dir='ltr'><strong>Et</strong></span> <span class='ocrx_word' id='word_1_51' title='bbox 311 2199 428 2258; x_wconf 88' lang='lat' dir='ltr'><strong>adesset</strong></span> <span class='ocrx_word' id='word_1_52' title='bbox 442 2200 555 2258; x_wconf 88' lang='lat' dir='ltr'><strong>homini</strong></span> <span class='ocrx_word' id='word_1_53' title='bbox 568 2218 620 2257; x_wconf 88' lang='lat' dir='ltr'><strong>sua</strong></span> <span class='ocrx_word' id='word_1_54' title='bbox 634 2210 736 2257; x_wconf 90' lang='lat' dir='ltr'><strong>tamen</strong></span> <span class='ocrx_word' id='word_1_55' title='bbox 749 2200 885 2257; x_wconf 85' lang='lat' dir='ltr'><strong>sollertia.</strong></span> 
     </span>
     <span class='ocr_line' id='line_1_15' title="bbox 257 2295 911 2370; baseline 0 -17"><span class='ocrx_word' id='word_1_56' title='bbox 257 2297 402 2354; x_wconf 85' lang='lat' dir='ltr'><strong>Nimirum</strong></span> <span class='ocrx_word' id='word_1_57' title='bbox 416 2297 447 2353; x_wconf 85' lang='lat' dir='ltr'><strong>in</strong></span> <span class='ocrx_word' id='word_1_58' title='bbox 461 2298 544 2354; x_wconf 74' lang='lat' dir='ltr'><strong>caela</strong></span> <span class='ocrx_word' id='word_1_59' title='bbox 559 2301 661 2353; x_wconf 73' lang='lat' dir='ltr'><strong>secum</strong></span> <span class='ocrx_word' id='word_1_60' title='bbox 676 2295 753 2353; x_wconf 90' lang='lat' dir='ltr'><strong>ridet</strong></span> <span class='ocrx_word' id='word_1_61' title='bbox 768 2296 911 2370; x_wconf 89' lang='lat' dir='ltr'><strong>Iuppiter,</strong></span> 
     </span>
     <span class='ocr_line' id='line_1_16' title="bbox 256 2392 982 2468; baseline -0.003 -17"><span class='ocrx_word' id='word_1_62' title='bbox 256 2396 368 2468; x_wconf 72' lang='lat' dir='ltr'><strong>Magna</strong></span> <span class='ocrx_word' id='word_1_63' title='bbox 382 2394 457 2451; x_wconf 92' lang='lat' dir='ltr'><strong>haec</strong></span> <span class='ocrx_word' id='word_1_64' title='bbox 471 2393 594 2451; x_wconf 74' lang='lat' dir='ltr'><strong>cansilia</strong></span> <span class='ocrx_word' id='word_1_65' title='bbox 609 2399 661 2467; x_wconf 84' lang='lat' dir='ltr'><strong>qui</strong></span> <span class='ocrx_word' id='word_1_66' title='bbox 673 2393 791 2467; x_wconf 89' lang='lat' dir='ltr'><strong>negavit</strong></span> <span class='ocrx_word' id='word_1_67' title='bbox 805 2392 982 2465; x_wconf 86' lang='lat' dir='ltr'><strong>hominibus,</strong></span> 
     </span>
     <span class='ocr_line' id='line_1_17' title="bbox 257 2487 977 2564; baseline -0.003 -16"><span class='ocrx_word' id='word_1_68' title='bbox 257 2491 305 2548; x_wconf 71' lang='lat' dir='ltr'><strong>Na</strong></span> <span class='ocrx_word' id='word_1_69' title='bbox 319 2496 467 2564; x_wconf 72' lang='lat' dir='ltr'><strong>scaptrum</strong></span> <span class='ocrx_word' id='word_1_70' title='bbox 482 2490 586 2547; x_wconf 87' lang='lat' dir='ltr'><strong>mundi</strong></span> <span class='ocrx_word' id='word_1_71' title='bbox 599 2499 716 2564; x_wconf 90' lang='lat' dir='ltr'><strong>raperet</strong></span> <span class='ocrx_word' id='word_1_72' title='bbox 730 2499 831 2547; x_wconf 91' lang='lat' dir='ltr'><strong>nostra</strong></span> <span class='ocrx_word' id='word_1_73' title='bbox 844 2487 977 2546; x_wconf 74' lang='lat' dir='ltr'><strong>audacia</strong></span> 
     </span>
     <span class='ocr_line' id='line_1_18' title="bbox 297 2586 865 2662; baseline -0.004 -17"><span class='ocrx_word' id='word_1_74' title='bbox 297 2588 376 2662; x_wconf 74' lang='lat' dir='ltr'><strong>Erga</strong></span> <span class='ocrx_word' id='word_1_75' title='bbox 390 2593 523 2645; x_wconf 85' lang='lat' dir='ltr'><strong>contenti</strong></span> <span class='ocrx_word' id='word_1_76' title='bbox 536 2591 657 2644; x_wconf 78' lang='lat' dir='ltr'><strong>manere</strong></span> <span class='ocrx_word' id='word_1_77' title='bbox 672 2586 773 2643; x_wconf 82' lang='lat' dir='ltr'><strong>invicti</strong></span> <span class='ocrx_word' id='word_1_78' title='bbox 787 2586 865 2643; x_wconf 87' lang='lat' dir='ltr'><strong>Iovis</strong></span> 
     </span>
     <span class='ocr_line' id='line_1_19' title="bbox 256 2683 840 2757; baseline -0.003 -15"><span class='ocrx_word' id='word_1_79' title='bbox 256 2685 363 2742; x_wconf 75' lang='lat' dir='ltr'><strong>Fatalis</strong></span> <span class='ocrx_word' id='word_1_80' title='bbox 377 2689 470 2741; x_wconf 75' lang='lat' dir='ltr'><strong>annas</strong></span> <span class='ocrx_word' id='word_1_81' title='bbox 485 2684 674 2741; x_wconf 69' lang='lat' dir='ltr'><strong>decurramus</strong></span> <span class='ocrx_word' id='word_1_82' title='bbox 688 2683 840 2757; x_wconf 90' lang='lat' dir='ltr'><strong>temporis,</strong></span> 
     </span>
     <span class='ocr_line' id='line_1_20' title="bbox 257 2779 929 2855; baseline -0.001 -17"><span class='ocrx_word' id='word_1_83' title='bbox 257 2782 323 2839; x_wconf 88' lang='lat' dir='ltr'><strong>Nec</strong></span> <span class='ocrx_word' id='word_1_84' title='bbox 337 2782 401 2855; x_wconf 78' lang='lat' dir='ltr'><strong>plas</strong></span> <span class='ocrx_word' id='word_1_85' title='bbox 416 2785 558 2838; x_wconf 75' lang='lat' dir='ltr'><strong>canemur</strong></span> <span class='ocrx_word' id='word_1_86' title='bbox 572 2798 661 2855; x_wconf 91' lang='lat' dir='ltr'><strong>quam</strong></span> <span class='ocrx_word' id='word_1_87' title='bbox 676 2780 745 2837; x_wconf 91' lang='lat' dir='ltr'><strong>sinit</strong></span> <span class='ocrx_word' id='word_1_88' title='bbox 759 2779 929 2837; x_wconf 85' lang='lat' dir='ltr'><strong>mortalitas.</strong></span> 
     </span>
    </p>
   </div>
   <div class='ocr_carea' id='block_1_8' title="bbox 446 2970 1060 3037">
    <p class='ocr_par' dir='ltr' id='par_1_8' title="bbox 446 2970 1060 3037">
     <span class='ocr_line' id='line_1_21' title="bbox 446 2970 1060 3037; baseline -0.005 -11"><span class='ocrx_word' id='word_1_89' title='bbox 446 2973 496 3025; x_wconf 89' lang='lat'><strong>11.</strong></span> <span class='ocrx_word' id='word_1_90' title='bbox 517 2972 607 3037; x_wconf 87' lang='lat' dir='ltr'>(IV.)</span> <span class='ocrx_word' id='word_1_91' title='bbox 644 2971 872 3023; x_wconf 74' lang='lat' dir='ltr'><strong>Promatlteua</strong></span> <span class='ocrx_word' id='word_1_92' title='bbox 889 2973 921 3021; x_wconf 77' lang='lat' dir='ltr'><strong>et</strong></span> <span class='ocrx_word' id='word_1_93' title='bbox 938 2970 1060 3023; x_wconf 72' lang='lat' dir='ltr'><strong>Dolus.</strong></span> 
     </span>
    </p>
   </div>
   <div class='ocr_carea' id='block_1_9' title="bbox 582 3086 925 3137">
    <p class='ocr_par' dir='ltr' id='par_1_9' title="bbox 582 3086 925 3137">
     <span class='ocr_line' id='line_1_22' title="bbox 582 3086 925 3137; baseline -0.006 0"><span class='ocrx_word' id='word_1_94' title='bbox 582 3088 622 3137; x_wconf 71' lang='lat' dir='ltr'><strong>De</strong></span> <span class='ocrx_word' id='word_1_95' title='bbox 633 3087 737 3137; x_wconf 67' lang='lat' dir='ltr'><strong>veritate</strong></span> <span class='ocrx_word' id='word_1_96' title='bbox 749 3094 775 3135; x_wconf 90' lang='lat' dir='ltr'><strong>et</strong></span> <span class='ocrx_word' id='word_1_97' title='bbox 786 3086 925 3135; x_wconf 64' lang='lat' dir='ltr'><strong>mendacia.</strong></span> 
     </span>
    </p>
   </div>
   <div class='ocr_carea' id='block_1_10' title="bbox 254 3210 904 3491">
    <p class='ocr_par' dir='ltr' id='par_1_10' title="bbox 254 3210 904 3491">
     <span class='ocr_line' id='line_1_23' title="bbox 296 3210 904 3296; baseline -0.008 -14"><span class='ocrx_word' id='word_1_98' title='bbox 296 3210 374 3283; x_wconf 75' lang='lat' dir='ltr'><strong>Olim</strong></span> <span class='ocrx_word' id='word_1_99' title='bbox 389 3223 581 3281; x_wconf 73' lang='lat' dir='ltr'><strong>Promatheus</strong></span> <span class='ocrx_word' id='word_1_100' title='bbox 595 3223 705 3279; x_wconf 82' lang='lat' dir='ltr'><strong>saeculi</strong></span> <span class='ocrx_word' id='word_1_101' title='bbox 717 3222 821 3296; x_wconf 86' lang='lat' dir='ltr'><strong>figulus</strong></span> <span class='ocrx_word' id='word_1_102' title='bbox 835 3226 904 3278; x_wconf 88' lang='lat' dir='ltr'><strong>novi</strong></span> 
     </span>
     <span class='ocr_line' id='line_1_24' title="bbox 255 3320 759 3388; baseline -0.008 -9"><span class='ocrx_word' id='word_1_103' title='bbox 255 3322 334 3380; x_wconf 77' lang='lat' dir='ltr'><strong>Cara</strong></span> <span class='ocrx_word' id='word_1_104' title='bbox 347 3320 445 3378; x_wconf 83' lang='lat' dir='ltr'><strong>subtili</strong></span> <span class='ocrx_word' id='word_1_105' title='bbox 456 3320 620 3376; x_wconf 74' lang='lat' dir='ltr'><strong>Varitatem</strong></span> <span class='ocrx_word' id='word_1_106' title='bbox 635 3320 759 3388; x_wconf 68' lang='lat' dir='ltr'><strong>facerat,</strong></span> 
     </span>
     <span class='ocr_line' id='line_1_25' title="bbox 254 3414 874 3491; baseline -0.005 -15"><span class='ocrx_word' id='word_1_107' title='bbox 254 3418 297 3477; x_wconf 94' lang='lat' dir='ltr'><strong>Ut</strong></span> <span class='ocrx_word' id='word_1_108' title='bbox 310 3418 372 3475; x_wconf 76' lang='lat' dir='ltr'><strong>iata</strong></span> <span class='ocrx_word' id='word_1_109' title='bbox 386 3426 486 3491; x_wconf 91' lang='lat' dir='ltr'><strong>posset</strong></span> <span class='ocrx_word' id='word_1_110' title='bbox 499 3416 575 3473; x_wconf 89' lang='lat' dir='ltr'><strong>inter</strong></span> <span class='ocrx_word' id='word_1_111' title='bbox 589 3415 724 3473; x_wconf 71' lang='lat' dir='ltr'><strong>homines</strong></span> <span class='ocrx_word' id='word_1_112' title='bbox 739 3414 874 3473; x_wconf 88' lang='lat' dir='ltr'><strong>reddere.</strong></span> 
     </span>
    </p>
   </div>
   <div class='ocr_carea' id='block_1_11' title="bbox 542 3602 966 3659">
    <p class='ocr_par' dir='ltr' id='par_1_11' title="bbox 542 3602 966 3659">
     <span class='ocr_line' id='line_1_26' title="bbox 542 3602 966 3659; baseline 0.002 -13"><span class='ocrx_word' id='word_1_113' title='bbox 542 3603 575 3657; x_wconf 88' lang='lat'><strong>11,</strong></span> <span class='ocrx_word' id='word_1_114' title='bbox 587 3614 606 3647; x_wconf 91' lang='lat'><strong>1.</strong></span> <span class='ocrx_word' id='word_1_115' title='bbox 615 3602 723 3659; x_wconf 67' lang='lat' dir='ltr'><strong>figulus:</strong></span> <span class='ocrx_word' id='word_1_116' title='bbox 740 3604 844 3659; x_wconf 61' lang='lat' dir='ltr'><strong>‘putten&#39;</strong></span> <span class='ocrx_word' id='word_1_117' title='bbox 856 3603 966 3648; x_wconf 76' lang='lat' dir='ltr'><strong>‘maken’</strong></span> 
     </span>
    </p>
   </div>
   <div class='ocr_carea' id='block_1_12' title="bbox 0 101 1396 4109">
    <p class='ocr_par' dir='ltr' id='par_1_12' title="bbox 0 101 1396 4109">
     <span class='ocr_line' id='line_1_27' title="bbox 0 101 1396 4109; baseline 0 3"><span class='ocrx_word' id='word_1_118' title='bbox 0 101 1396 4109; x_wconf 95' lang='lat' dir='ltr'><strong> </strong></span> 
     </span>
    </p>
   </div>
  </div>
 </body>
</html>
