2784 4109
565 436 668 499 Liber
686 438 710 497 J
716 437 749 499 V.

152 621 247 679 Redit
261 619 299 678 ad
314 621 440 680 hostem.
483 624 572 680 Iactis
587 622 665 680 hunc
679 624 744 681 telis
758 642 849 698 eques

152 720 316 792 Postquam
331 718 491 791 interfecit,
507 725 548 777 sic
562 720 677 778 locutus
692 720 833 778 traditur:

152 819 161 847 ‘
175 816 284 873 Laetor
298 815 396 874 tulisse
411 816 550 874 auxilium
566 821 614 874 me
628 817 765 891 precibus
780 824 856 890 tuis3

153 912 234 970 Nam
249 911 391 987 praedam
405 918 473 988 cepi
487 923 517 971 et
531 913 632 986 didici,
647 931 737 988 quam
751 920 789 972 sis
802 915 917 988 utilis5'

152 1011 252 1083 Atque
267 1008 308 1067 ita
321 1009 420 1085 coegit
434 1010 532 1069 frenos
546 1009 667 1068 invitum
681 1017 753 1086 pati

151 1106 232 1163 Tum
247 1116 375 1165 maestus
390 1106 456 1165 ille:
480 1109 608 1166 ‘Parvae
621 1107 783 1166 vindictam
797 1115 839 1166 rei

153 1203 236 1259 Dum
250 1208 361 1277 quaero
375 1202 509 1276 demens,
525 1204 694 1263 servitutem
709 1206 845 1279 repperi!

197 1301 283 1357 Haec
296 1300 455 1359 iracundos
469 1300 641 1360 admonebit
655 1302 670 1359 f
672 1301 758 1360 abula
769 1323 775 1359 :

152 1396 284 1471 Impune
297 1396 396 1472 potius
410 1396 489 1455 laedi
502 1415 591 1472 quam
606 1397 678 1473 pedi
691 1399 782 1456 alteri.

554 1639 597 1694 V.
632 1640 753 1694 Poeta.

196 1772 262 1830 Plus
278 1790 342 1832 esse
356 1773 385 1831 in
401 1778 461 1832 rino
476 1791 565 1849 saepe
579 1791 668 1847 quarn
683 1773 714 1830 in
728 1774 814 1832 turba
827 1774 906 1847 boni,

153 1869 331 1928 Narratione
345 1876 470 1945 posteris
484 1870 600 1928 tradam
614 1871 704 1929 brevi.

157 2049 179 2057 β
196 1964 325 2039 Quidam
340 1966 491 2025 decedens
505 1971 564 2025 tres
578 1966 694 2041 reliquit
709 1966 806 2025 fssias:

151 2064 254 2123 Unam
269 2063 432 2121 formosam
447 2072 478 2121 et
492 2063 584 2122 oculis
598 2068 756 2121 venantem
770 2064 867 2137 vir6s3

151 2162 194 2217 At
208 2159 329 2217 alteram
343 2160 489 2218 lanificam
505 2170 534 2218 et
549 2161 631 2235 fnigi,
647 2160 806 2233 rusticam3

152 2258 302 2315 Deuotam
317 2262 384 2315 vino
399 2256 515 2315 tertiam
530 2266 560 2314 et
574 2257 781 2331 turpissimam.

152 2355 272 2412 Harum
287 2364 386 2411 autern
402 2359 526 2412 matrem
540 2354 616 2411 fecit
630 2352 771 2411 heredem
786 2371 878 2412 senex

151 2450 214 2509 Sub
228 2449 416 2522 condicione,
431 2455 525 2509 totam
539 2460 571 2509 ut
585 2450 737 2508 fortunam
752 2450 844 2509 tribus

152 2548 325 2621 Aequaliter
338 2547 502 2619 distribuat,
517 2547 569 2605 sed
585 2547 634 2604 tali
648 2546 758 2605 modo:

153 2644 203 2702 Ne
218 2643 287 2702 data
301 2645 472 2719 possideant
486 2653 536 2701 aut
550 2644 698 2715 fruantur;
721 2653 793 2715 tum,
809 2643 894 2703 simul

153 2739 276 2800 Habere
290 2746 336 2799 res
350 2740 499 2812 desierint,
515 2746 587 2815 quas
602 2740 782 2813 acceperint,

151 2838 289 2898 Centena
303 2843 388 2896 matri
402 2838 554 2895 conserant
569 2837 711 2895 sestertia.

150 2934 283 2993 Athenas
297 2940 397 2993 rt'nnor
410 2934 523 3009 implet.
566 2935 665 2992 Mater
678 2932 781 2991 sedula

151 3031 228 3090 Iuris
242 3037 351 3106 peritos
366 3031 492 3089 consulit
495 3052 511 3115 5
533 3035 622 3089 nemo
637 3028 769 3105 expedit,

151 3129 222 3202 Quo
237 3134 327 3203 pacto
341 3133 402 3186 non
415 3126 596 3203 possideant,
611 3127 693 3201 quod
708 3127 795 3185 suerit
809 3125 921 3199 datum,

150 3226 330 3283 Fructumve
346 3225 483 3299 capiant,
505 3223 613 3282 deinde
628 3242 705 3299 quae
719 3222 837 3281 tulerint
851 3222 933 3295 nihil,

150 3322 289 3396 Quanam
304 3321 418 3379 ratione
433 3321 585 3379 conferant
598 3320 766 3396 pecuniam.

151 3420 313 3493 Postquam
327 3423 504 3492 consumpta
518 3426 563 3475 est
577 3417 719 3492 temporis
733 3417 813 3491 longi
826 3432 918 3488 mora,

150 3517 219 3574 Nec
233 3520 402 3573 testamenti
416 3514 511 3588 potuit
525 3518 626 3572 sensus
640 3513 757 3588 conligi,

150 3611 258 3671 Fidem
273 3610 437 3683 advocavit,
453 3610 514 3668 iure
528 3611 673 3684 neglecto,
687 3612 803 3687 parens.
