2784 4109
256 266 296 328 32
569 248 719 311 Phaedri
740 247 938 311 deulcirum

255 422 301 493 ‘O
316 440 393 505 nata,
410 435 514 492 merito
530 436 646 509 sapiens
661 434 760 492 dicere
776 437 931 493 omnibus!

256 532 320 589 Nisi
334 532 404 589 utile
419 541 463 589 est
478 532 559 606 quod
575 532 707 603 facimuS,
722 532 809 589 stulta
823 543 868 590 est
881 533 991 607 gloria)

297 628 378 685 Nihil
391 646 478 703 agere
492 628 573 702 quod
587 634 648 686 nou
662 629 755 704 prosit
770 629 881 687 fabella
895 628 1045 688 admonet.

282 822 379 877 xlv.
400 821 564 887 (xvln.)
601 822 698 875 Ρᾶυὸ
716 822 764 875 ad
780 822 957 876 Ia‘me'mem
974 823 1017 875 d&
1040 820 1124 876 Voce
1141 821 1229 875 Sua.

296 942 375 998 Pavo
389 940 427 998 ad
443 941 588 998 Iunonem
603 940 682 998 venit
697 939 816 1015 indigne
832 941 937 1012 ferens,

256 1038 367 1095 Cantus
381 1037 494 1094 luscinii
507 1036 589 1110 quod
604 1038 657 1096 sibi
671 1041 734 1094 non
748 1038 899 1109 tribuerit3

256 1133 342 1191 Illum
357 1152 421 1191 esse
435 1138 548 1191 cunctis
563 1134 664 1192 avibus
678 1133 892 1206 admirabilem,

255 1232 292 1289 Se
307 1230 444 1300 derideri,
460 1231 544 1287 simul
559 1249 593 1287 ac
609 1236 716 1288 v6cem
731 1231 849 1289 miserit.

254 1328 339 1384 Tunc
354 1327 527 1385 consolandi
541 1328 632 1401 gratia
646 1326 719 1384 dixit
734 1327 809 1385 dea:

256 1423 330 1482 ‘Sed
347 1424 446 1481 forma
458 1424 559 1494 vinem,
575 1424 665 1481 vincis
681 1424 901 1499 magnitudine3

256 1521 343 1579 Nitor
357 1519 502 1595 smaragdi
516 1521 592 1579 collo
606 1521 771 1596 praefulget
785 1527 836 1579 tuf)

256 1621 402 1692 Pictisque
417 1619 523 1692 plumis
537 1636 705 1693 gemmeam
719 1618 845 1676 caudam
860 1619 1006 1694 explicas!

255 1716 342 1789 ‘Quo
358 1717 416 1787 mi,’
432 1716 535 1789 inquit,
550 1719 680 1773 ‘mutam
695 1716 836 1790 speciem,
851 1722 875 1773 si
889 1716 991 1774 vincor
1005 1717 1116 1775 sonoi'

256 1813 411 1870 ‘Fatorum
427 1812 545 1870 arbitrio
561 1817 658 1887 partes
673 1823 740 1871 sunt
754 1815 836 1871 vobis
850 1812 956 1871 datae:

253 1910 322 1968 Tibi
337 1910 444 1980 forma,
459 1914 532 1967 vires
548 1910 671 1984 aquilae,
686 1910 809 1968 luscinio
825 1911 928 1983 melos,

255 2007 415 2081 Augurium
430 2012 527 2076 corvo,
543 2006 626 2064 laeva
640 2013 750 2064 cornici
764 2008 873 2078 omina,

256 2104 427 2178 Omnesque
443 2104 567 2178 propriis
582 2113 649 2183 sunt
663 2114 821 2162 contentae
836 2104 973 2163 dotibus)

296 2201 366 2258 Noli
380 2201 528 2258 adfectare
543 2200 624 2274 quod
640 2200 693 2258 tibi
707 2205 768 2258 uon
783 2210 827 2259 est
842 2200 954 2272 datum,

256 2298 366 2355 Delusa
379 2302 417 2355 ne
432 2301 499 2371 spes
514 2296 552 2354 ad
567 2297 728 2371 querellam
742 2298 864 2356 recidat.

331 2494 409 2549 XV.
430 2494 556 2558 (XIX.)
593 2494 752 2560 Aesopus
769 2494 967 2559 Respondet
987 2493 1156 2549 Garrado.

295 2614 428 2687 Aesopus
443 2612 566 2670 domino
581 2612 658 2670 solus
673 2631 741 2669 cum
757 2621 834 2670 esset
848 2612 965 2684 familia,

258 2712 362 2767 Parare
378 2714 482 2766 cenam
497 2709 589 2767 iussus
605 2718 649 2766 est
664 2709 814 2767 maturius.

256 2793 361 2881 lgnem
377 2811 447 2881 ergo
463 2811 616 2880 quaerens,
631 2806 743 2881 aliquot
757 2806 885 2864 lustravit
899 2806 1015 2877 domus,

255 2902 451 2977 Tandemque
467 2903 587 2974 invonit,
602 2903 653 2961 ubi
667 2903 819 2960 lucernam
834 2904 1020 2961 accenderet.

255 3002 332 3057 Tum
348 3001 457 3057 circum
474 3006 554 3057 eunti
568 3000 661 3057 fuerat
676 2999 758 3075 quod
772 3000 827 3058 iter
841 3000 963 3075 longina

258 3096 371 3154 Effecit
385 3097 520 3169 brevius;
542 3115 669 3171 namque
685 3102 766 3155 recta
780 3115 833 3172 per
847 3099 942 3155 forum

257 3194 365 3268 Coepit
379 3194 483 3252 redire.
527 3195 565 3251 Et
579 3194 701 3268 quidam
716 3198 733 3252 ἓ
748 3194 832 3252 turba
845 3194 975 3269 garrulus
987 3216 992 3251 :

257 3294 403 3365 ‘Aesopq
418 3290 517 3349 medio
532 3291 593 3348 sole
607 3290 680 3365 quid
695 3309 763 3348 cum
777 3292 926 3349 luminei'

474 3449 541 3503 XIV,
553 3460 587 3506 15.
604 3450 701 3504 recidat,
712 3456 761 3504 not,
774 3463 800 3494 as
811 3450 934 3507 regularly,
943 3451 1039 3495 recidat.
