2784 4109
578 418 730 482 Phaedri
751 420 950 483 Fabulamm

264 602 329 659 Nec
344 601 383 660 da
398 603 516 661 lucerna
531 604 575 662 fas
589 615 634 663 est
649 604 775 663 accendi
789 625 913 664 sacrum.

304 699 385 773 Quot
398 705 445 758 ras
458 702 610 760 contineat
624 702 682 760 hac
697 708 903 778 argamentum
916 705 1011 775 [utilas

264 797 333 854 Nan
348 798 506 871 explicabit
521 799 602 870 alius,
617 818 706 874 quam
722 807 772 874 qui
786 800 926 875 repperit.

263 894 411 968 Significat
425 900 521 969 prima
535 913 634 971 saepe,
649 902 724 971 quas
737 898 801 971 ipse
815 897 929 969 alueris,

262 991 330 1049 Tibi
344 991 467 1049 inveniri
482 992 608 1051 maxima
623 994 803 1065 contrarias3

263 1087 400 1145 Secunda
414 1089 544 1147 ostendit
558 1090 669 1148 scelera
683 1095 743 1148 nan
757 1096 800 1148 ira
813 1090 914 1163 deam,

264 1186 402 1242 Fatarum
416 1184 499 1244 dicta
514 1186 567 1245 sed
582 1192 678 1261 paniri
692 1197 846 1262 tempore;

263 1282 430 1341 Novissima
444 1282 601 1356 interdicit,
616 1288 653 1343 na
668 1302 737 1342 cum
752 1284 887 1343 malefica

261 1364 357 1439 Usum
371 1381 466 1439 bonus
480 1381 632 1439 cansociet
646 1381 731 1439 allius
745 1388 795 1439 rei.

496 1588 582 1643 XII.
618 1588 739 1642 Malas
757 1588 844 1642 Esse
860 1588 1025 1643 Dauniae.

301 1704 383 1780 Opas
397 1706 506 1763 invisae
521 1707 625 1764 merita
639 1717 707 1764 sunt
721 1707 789 1764 sorti
802 1707 875 1777 vira,

262 1802 339 1876 Quia
353 1802 434 1859 dives
449 1808 517 1860 arca
530 1808 629 1861 varam
644 1803 762 1862 laudem
778 1803 935 1878 intercipit.

301 1899 394 1957 Caela
408 1910 545 1974 receptus
559 1911 680 1975 propter
693 1901 831 1958 virtatem
846 1900 992 1959 Herculas

260 1996 337 2054 Cum
350 1998 527 2071 gratulantas
540 1998 747 2072 persalatasset
760 1996 844 2069 deas,

259 2094 404 2151 Veniente
419 2094 513 2166 Plata,
528 2100 578 2168 qui
593 2096 739 2152 Fartanae
755 2104 799 2152 est
814 2094 902 2167 lilius,

258 2176 371 2247 l-Ivertit
385 2191 496 2248 oculas.
539 2191 666 2249 Causam
681 2191 823 2266 quaesivit
837 2201 930 2267 pater.

259 2273 357 2359 ‘Odi’
372 2288 476 2362 inquit,
491 2288 600 2360 ‘illum‚
615 2290 685 2363 quia
700 2289 783 2347 malis
797 2295 908 2346 amicus
922 2299 966 2347 est

258 2384 407 2459 Simulque
423 2385 541 2443 obiecta
556 2391 663 2443 cancta
678 2386 840 2461 corrumpit
853 2386 953 2443 lucra!

415 2588 518 2642 XIII.
539 2588 665 2653 (XVI.)
702 2588 756 2640 Da
776 2587 904 2653 capris
921 2587 1102 2643 Barbatia.
1155 2598 1160 2605 ·

298 2707 424 2765 Barbam
439 2707 569 2781 capellae
584 2725 652 2764 cum
668 2706 874 2781 impetrassent
887 2705 925 2763 ab
940 2707 1021 2777 Iove,

258 2805 345 2861 Hirci
360 2808 522 2862 maerentas
537 2802 681 2878 indignari
696 2813 868 2877 coeperunt,

258 2900 347 2974 Quod
362 2900 534 2975 dignitatem
550 2901 683 2959 laminae
699 2906 873 2975 aequassent
888 2917 980 2958 suam.

257 2997 386 3067 ‘Sinite’
402 2998 505 3072 inquit,
521 2998 601 3055 ‘illas
615 2998 707 3072 glaria
720 3002 795 3055 vana
810 2997 864 3053 frui

257 3094 296 3151 Et
310 3099 450 3169 asarpare
464 3100 553 3152 vestri
567 3100 702 3152 amatum
718 3094 858 3165 manetis,

257 3192 344 3249 Paras
359 3191 429 3250 dum
445 3196 505 3249 nan
519 3192 577 3249 sint
590 3200 705 3249 vestrae
721 3190 902 3248 fortitadIna'

297 3289 367 3345 Hac
382 3293 586 3363 argumentum
602 3298 712 3359 monet,
727 3298 759 3345 ut
774 3288 915 3345 sustineas
930 3287 984 3345 tibi

257 3385 371 3443 Habita
387 3403 451 3443 esse
466 3385 583 3457 similas,
599 3391 649 3460 qui
664 3384 722 3442 sint
736 3384 841 3441 virtate
856 3384 991 3459 imparas.

284 3547 341 3601 XII,
350 3560 370 3592 2.
378 3548 451 3593 arca:
463 3546 555 3601 ‘chesn'
564 3549 569 3566 ¹
579 3553 661 3603 strong
667 3546 730 3592 box!
811 3546 881 3600 XIII,
897 3559 918 3592 2.
932 3548 1072 3602 coeperunt:
1089 3543 1118 3589 cf.
1130 3557 1154 3602 p.
1164 3557 1201 3603 33,
1212 3545 1259 3589 liae

782 3634 818 3679 24.
