2784 4109
280 316 322 378 24
592 301 746 365 Phaedri
766 301 965 364 Fcibulcirum

279 486 421 544 Adfectus
436 488 572 563 proprios
586 488 616 545 iu
631 487 758 547 fabellas
772 488 917 547 transtulit

279 583 524 658 Calumniamque
540 586 553 641 s
555 590 621 643 ictis
635 585 722 643 elisit
735 585 817 643 iocis.

280 682 344 756 Ego
358 686 447 756 porro
462 682 537 739 illius
552 682 658 739 semita
671 682 737 740 feci
749 683 837 754 viam,

279 779 319 835 Et
333 779 460 854 cogitavi
474 779 661 853 pluraquam
676 779 841 854 reliquerat,

280 876 315 932 In
330 875 527 933 calamititem
543 875 677 951 deligens
691 875 838 951 quaedam
853 895 959 936 meam.

279 972 369 1046 Quod
384 979 408 1030 si
421 978 576 1031 accisator
590 974 662 1031 alius
677 974 784 1032 Seiino
799 974 885 1046 soret,

278 1070 308 1128 Si
321 1070 403 1127 testis
418 1070 499 1142 aliuS,
514 1069 605 1128 iudex
620 1070 692 1128 alius
706 1071 845 1145 dinique,

280 1168 408 1241 Dignum
424 1167 531 1225 faterer
545 1185 610 1225 esse
625 1172 673 1225 mi
688 1174 777 1226 tantis
791 1169 884 1240 malis,

279 1264 345 1321 Nec
362 1264 405 1322 his
420 1263 554 1322 dolorem
570 1264 733 1323 dilenirem
746 1265 895 1324 remediis.

279 1361 450 1436 Suspicione
465 1367 489 1419 si
503 1361 568 1436 quis
583 1362 691 1421 errabit
706 1368 759 1419 sua

279 1458 318 1515 Et
332 1458 426 1533 rapiet
439 1457 479 1515 ad
493 1462 536 1531 si,
551 1459 631 1533 quod
647 1460 703 1517 erit
716 1464 876 1517 commune
890 1458 1033 1532 omnium,

278 1556 370 1615 Stulte
384 1554 509 1615 undabit
523 1556 614 1614 animi
628 1556 852 1614 conscientiam.

279 1653 360 1712 Huic
375 1657 547 1711 excusatum
562 1657 611 1711 me
625 1654 714 1711 velim
728 1653 819 1711 nihilo
835 1654 949 1724 minus3

279 1751 386 1824 Neque
401 1750 480 1807 enim
495 1755 598 1808 notare
613 1750 742 1825 singulos
757 1754 842 1807 mins
857 1760 902 1808 est
916 1750 997 1820 mihi,

277 1848 388 1904 Verum
403 1847 497 1922 ipsam
510 1853 600 1905 vitam
615 1857 644 1905 et
660 1851 758 1904 mores
773 1846 925 1904 hominum
940 1846 1105 1904 ostendere.

319 1946 396 2002 Rem
412 1948 459 2001 me
474 1945 639 2019 professum
655 1943 736 2002 dicet
750 1944 813 2002 fo'rs
827 1944 931 2018 aliquis
945 1962 1073 2019 gravem.

278 2042 308 2100 Si
322 2041 418 2115 Phryx
432 2044 566 2116 Aesopus
580 2042 685 2116 potuit,
702 2047 726 2099 si
740 2040 929 2098 Anarcharsis
944 2041 1053 2116 Scytha

278 2140 438 2196 Aeternam
453 2138 567 2196 famam
582 2138 713 2197 condere
729 2138 847 2213 ingenio
863 2142 925 2209 sud,

280 2237 354 2310 Ege,
369 2236 514 2293 litteratae
529 2242 579 2310 qui
594 2254 657 2293 sum
673 2235 795 2310 propior
809 2235 963 2307 Graeciae,

278 2332 341 2391 Cirr
355 2337 459 2390 somno
474 2333 559 2390 inerti
574 2333 709 2391 deseram
724 2332 837 2407 patriae
852 2330 965 2389 decus?

277 2430 415 2487 Threissa
428 2447 497 2487 cum
511 2434 584 2505 gens
598 2439 734 2487 numeret
748 2433 884 2486 auctores
899 2434 977 2499 suos,

279 2528 412 2601 Linoque
427 2527 534 2601 Apollo
549 2527 586 2584 sit
600 2530 717 2602 parens,
733 2526 821 2583 Musa
835 2525 968 2600 Orpheo,

278 2624 338 2698 Qui
352 2642 421 2683 saxa
435 2629 524 2681 cantu
539 2625 632 2682 movit
646 2634 676 2681 et
691 2622 807 2681 domuit
821 2622 897 2680 ieris

278 2721 433 2796 Hebrique
447 2721 541 2779 tenuit
555 2722 683 2796 impetus
698 2719 778 2778 dulci
792 2724 883 2778 mora.

279 2819 357 2894 Ergo
372 2818 441 2875 hinc
456 2818 559 2877 abesto
574 2819 654 2889 livor,
669 2821 709 2875 ne
723 2817 829 2875 frustra
841 2822 953 2892 gemis,

278 2915 427 2989 Quoniam
442 2915 591 2973 sollemnis
606 2915 677 2973 mihi
692 2913 819 2973 dibetur
832 2914 932 2989 gloria.

318 3011 426 3070 Induxi
441 3016 471 3070 te
485 3012 524 3070 ad
538 3013 717 3087 legendum;
739 3012 884 3069 sincErum
899 3010 971 3067 mihi

278 3108 416 3168 Candore
431 3114 504 3167 nito
520 3108 628 3167 reddis
642 3109 784 3167 iudicium
799 3113 880 3183 peto.
