2784 4109
570 408 673 472 Liber
692 411 716 472 I
721 410 754 474 V.

276 690 373 745 XIV.
395 690 539 756 (XVII.)
576 691 630 744 Da
647 691 818 745 F'orttinia
835 692 1045 748 Hominum.

202 826 279 884 Cum
294 826 332 883 de
347 826 474 883 fortunis
488 825 608 900 quidam
624 832 795 901 quererEtur
809 835 877 902 suis,

160 926 295 997 Aesopus
310 923 393 980 finxit
408 923 581 981 cdnsolandi
594 924 703 998 gratia:

200 1020 313 1077 Vexata
327 1025 419 1078 saevis
433 1020 514 1078 navis
528 1022 761 1096 tempestatibus,

160 1118 244 1174 Inter
256 1121 408 1175 vectorum
422 1118 555 1175 lacrimas
570 1128 600 1175 et
614 1119 716 1177 mortis
731 1130 852 1192 metum,

160 1213 281 1271 Faciem
295 1212 334 1271 ad
349 1218 482 1273 serenam
497 1215 595 1273 subito
609 1226 642 1274 ut
656 1221 784 1275 mutatur
797 1216 870 1290 dies,

159 1311 244 1368 Ferri
257 1311 395 1369 secundis
409 1316 471 1369 tuta
485 1313 586 1386 coepit
600 1313 716 1372 flatibus

160 1407 319 1483 Nimiaque
333 1414 436 1466 nautis
451 1408 595 1467 hilaritate
609 1411 758 1469 extollere.

159 1505 185 1562 F
185 1515 268 1563 actus
282 1506 398 1580 periclis
412 1516 474 1563 tum
489 1506 667 1581 gubernator
680 1505 809 1583 sophus:

158 1602 271 1660 ‘Parce
283 1602 413 1678 gaudere
428 1612 545 1678 oportet
560 1614 590 1662 et
605 1604 712 1662 sensim
728 1606 830 1680 queri)
839 1638 879 1650 -

157 1700 268 1757 Totam
283 1704 377 1774 aeque
391 1705 479 1758 vitam
495 1700 599 1759 miscet
613 1700 699 1759 dolor
714 1712 744 1760 et
757 1702 906 1776 gaudium.

224 1917 302 1972 XV.
323 1918 451 1983 (XIX.)
488 1918 648 1985 sanans.
685 1920 936 1975 mummola
953 1920 1095 1977 Nooioa.

200 2052 260 2126 Qui
272 2052 328 2111 sert
343 2053 425 2111 malis
440 2054 588 2126 auxilium,
604 2065 672 2129 post
685 2064 803 2130 tempus
817 2054 908 2115 dolet.
938 2058 941 2064 ’

158 2148 237 2207 Gelu
251 2150 395 2225 rigentem
410 2150 531 2225 quidam
546 2152 699 2210 colubram
714 2153 828 2212 sustulit

158 2246 288 2320 Sinuque
303 2247 390 2320 fovit,
406 2253 510 2306 contra
523 2252 554 2307 se
569 2249 631 2324 ipse
646 2250 830 2322 misericors;

159 2343 298 2418 Namque
312 2354 344 2402 ut
358 2345 468 2403 refecta
481 2355 535 2417 est,
550 2346 649 2403 necuit
664 2346 815 2404 hominem
829 2348 971 2422 protinus.

159 2441 249 2497 Hanc
263 2441 320 2499 alia
333 2459 401 2499 cum
416 2447 531 2518 rogaret
544 2460 664 2500 causam
680 2443 826 2516 facinoris,

158 2537 344 2612 Respondit:
368 2539 434 2597 ‘Ne
451 2539 516 2614 quis
530 2539 625 2598 discat
639 2540 782 2615 prodesse
798 2541 957 2616 improbis!

361 2756 458 2812 XVI.
480 2757 587 2822 (XX.)
633 2757 754 2823 Votpoa
771 2761 804 2811 el
820 2758 952 2814 Draco.

198 2890 319 2965 Volpes,
333 2890 430 2951 cubile
445 2891 569 2963 fodiens,
583 2892 654 2950 dum
670 2901 778 2950 terram
792 2894 867 2952 eruit

157 2986 285 3061 Agitque
300 2987 397 3062 plures
411 2988 496 3046 altius
510 2990 671 3061 cuniculos

159 3084 294 3141 Pervenit
308 3084 347 3143 ad
361 3084 497 3143 draconis
512 3085 682 3160 speluncam
698 3086 841 3159 intimam,

156 3179 353 3241 CustodiEbat
367 3188 417 3255 qui
431 3182 584 3241 thesauros
598 3182 726 3241 abditos.

157 3278 249 3335 Hunc
264 3277 349 3336 simul
363 3279 484 3355 asp‘e'xit.
528 3265 618 3351 ίὄπ’),
633 3289 665 3337 ut
679 3280 897 3355 imprudentiae

156 3375 219 3433 Des
233 3380 361 3449 primum
375 3376 510 3449 veniam3
533 3376 641 3434 deinde
657 3383 680 3433 si
694 3377 817 3452 pulchre
830 3377 921 3450 vides,

184 3536 251 3591 XIV,
265 3549 287 3593 9.
302 3537 381 3594 parci,
396 3543 445 3591 not,
460 3550 488 3581 as
508 3537 631 3595 regularly,
711 3540 763 3585 XV.
777 3540 889 3584 Nociva:
903 3540 1018 3587 ‘hurtlull

151 3616 231 3671 parce.
710 3628 731 3669 4.
748 3614 843 3658 necuit:
857 3614 942 3661 ‘slem’
