2784 4109
570 255 751 337 Appendix.

80 512 86 528 ·
163 442 268 500 Subito
283 448 441 499 accersitus
455 441 558 499 nuntio
574 447 671 516 magni
685 443 765 501 Iovis

164 538 365 597 Commendat
379 538 526 595 officinam
542 538 637 595 fallaci
651 540 740 611 Dolo,

165 637 202 693 In
216 635 401 710 disciplinam
415 639 509 709 nirper
523 652 613 710 quem
627 640 788 711 receperat

165 733 226 789 Hic
241 731 339 789 studio
353 736 504 803 aecensus
520 732 594 789 facie
609 732 796 791 simulacrum
811 741 874 809 pari

163 815 234 890 Una
248 833 366 900 staturi,
381 829 475 886 simile
490 838 519 886 et
534 829 673 888 membris
687 831 833 903 omnibus,

165 928 245 985 Dum
260 937 377 1001 tempus
392 926 502 997 habuit,
518 926 624 985 callida
639 927 723 984 finxit
738 932 835 985 mami.

165 1022 255 1097 Quod
270 1040 364 1098 prope
378 1023 437 1080 iam
451 1028 546 1081 totum
562 1028 634 1081 mire
648 1042 717 1081 cum
731 1024 861 1099 positum
875 1025 960 1098 foret,

165 1121 273 1178 Lutum
288 1119 326 1177 ad
342 1119 492 1177 faciendos
506 1120 545 1177 illi
560 1120 674 1178 defecit
688 1120 792 1195 pedes

165 1217 257 1275 Redit
271 1218 417 1292 magister,
432 1222 492 1291 quo
507 1217 678 1275 festinanter
692 1217 785 1276 Dolus

165 1316 252 1373 Metu
266 1314 397 1373 turbatus
410 1314 441 1371 in
455 1319 508 1371 suo
523 1315 600 1372 sedit
614 1314 690 1373 loco.

166 1414 276 1469 Mirins
291 1411 482 1469 Promdtheus
498 1421 608 1468 tantam
624 1410 855 1484 similitudinem,

166 1508 303 1583 Propriae
317 1508 411 1567 vidiri
424 1508 516 1565 voluit
530 1509 599 1566 artis
613 1509 744 1583 gloriam.

166 1605 259 1681 Igitur
273 1605 384 1664 fornaci
397 1606 506 1679 pariter
519 1605 579 1664 duo
594 1611 675 1681 signa
689 1606 805 1678 intulit3

166 1702 280 1775 Quibus
295 1708 441 1777 percoctis
455 1712 543 1776 atque
557 1702 658 1760 infuso
674 1703 786 1775 spiritu,

166 1799 307 1858 Modesto
320 1804 421 1875 gressu
436 1805 537 1857 sancta
551 1799 819 1871 incessitVeritis3

165 1898 204 1953 At
218 1873 321 1953 trunca
335 1895 450 1971 species
463 1895 557 1954 haesit
571 1897 601 1953 in
614 1896 747 1970 vestigio.

164 1994 249 2051 Tunc
264 1993 336 2051 falsa
351 1994 448 2068 imigi)
462 2003 550 2068 atque
566 1993 662 2067 operis
677 1993 778 2050 furtivi
791 1992 875 2051 labor

165 2090 356 2149 Mendacium
373 2090 551 2165 appellatum
567 2100 630 2161 est;
652 2090 734 2163 quod
748 2089 921 2164 negantibus

166 2187 262 2245 Pedes
276 2187 384 2246 habere
400 2187 491 2245 facilis
507 2197 551 2245 est
565 2186 732 2245 consensio.

206 2284 345 2343 Simulz'ata
359 2282 506 2341 interdurn
520 2284 591 2340 vitia
605 2288 728 2357 prosunt
742 2282 920 2355 hominibus,

164 2380 225 2439 Sed
239 2390 373 2456 tempore
388 2381 453 2455 ipso
468 2390 567 2437 tamen
582 2385 704 2454 apparet
717 2379 833 2437 veritas.

493 2623 562 2675 ΠΙ.
585 2623 655 2687 (V.)
691 2621 836 2675 Auctor.

401 2738 505 2789 sensum
517 2739 700 2788 aestimandum
711 2753 774 2798 esse,
786 2738 837 2787 non
848 2738 932 2788 verba.

206 2875 293 2932 Ixffrn
306 2871 388 2946 quod
402 2878 509 2930 versa'ui
523 2877 653 2929 narratur
666 2877 740 2943 rota,

165 2970 332 3028 Volubilem
348 2970 508 3026 Fortunam
524 2970 625 3026 iactari
638 2968 737 3026 docet.

165 3066 313 3124 Adversus
327 3066 401 3124 altos
416 3065 554 3139 Sisyphus
569 3069 685 3122 montes
700 3068 790 3139 agdus

166 3164 273 3222 Saxum
288 3162 388 3221 labore
404 3167 529 3233 summi),
544 3161 625 3236 quod
640 3162 679 3219 de
694 3160 804 3219 vertice

166 3260 280 3319 Sudore
294 3276 411 3333 semper
425 3259 511 3316 inrito
525 3258 689 3329 revolvitur,

550 3465 583 3498 11.
599 3453 673 3496 lutum
682 3467 691 3497 :
706 3452 786 3509 'clay.'
