2784 4109
566 399 720 463 Phaedra·
741 400 939 464 deuldrum

540 748 958 824 APPENDIX.

682 951 821 978 —000—

574 1092 755 1158 FABULAE
780 1105 925 1158 Novas.

595 1270 625 1323 1.
647 1270 723 1334 (Π.)
760 1269 902 1325 Auctor.

528 1386 588 1436 Nan
599 1402 654 1435 esse
665 1386 722 1450 plus
732 1388 813 1452 aequa
823 1390 969 1451 petendum.

287 1518 417 1578 Arbitria
431 1524 456 1577 si
469 1524 573 1577 natata
586 1519 717 1578 finxisset
731 1525 800 1578 mea

248 1616 350 1673 Genus
364 1616 498 1688 mortale,
512 1617 600 1690 longa
615 1617 690 1673 foret
703 1618 888 1676 instructius:

248 1712 327 1769 Nam
341 1716 450 1771 cancta
463 1713 549 1771 nabis
562 1713 743 1771 attribuisset
756 1713 926 1786 commoda,

248 1809 461 1883 Quaecumque
475 1809 629 1885 indulgens
644 1811 668 1867 F
669 1815 774 1868 aftana
787 1810 906 1869 animali
918 1809 1020 1870 dedit:

248 1906 406 1981 Elephanti
419 1911 502 1977 viras,
519 1916 548 1964 et
563 1906 656 1965 leanis
670 1908 825 1982 impetum,

247 2003 380 2062 Cornicis
394 2021 508 2075 aevum,
523 2004 646 2079 glariam
660 2011 735 2062 tauri
748 2004 846 2077 trucis,

247 2101 325 2174 Equi
337 2101 447 2158 valacis
461 2101 608 2174 placidam
623 2102 889 2174 mansuatadinem‚

246 2199 285 2255 Et
299 2196 417 2255 adesset
430 2196 543 2255 homini
556 2216 609 2255 sua
622 2208 723 2255 tamen
738 2198 874 2256 sollertia.

245 2294 390 2351 Nimirum
405 2294 435 2351 in
449 2294 533 2352 caela
547 2299 650 2351 sacum
664 2294 741 2351 ridet
756 2295 900 2369 Iuppiter,

245 2392 356 2466 Magna
371 2391 445 2448 haec
460 2391 583 2449 cansilia
597 2396 648 2465 qui
661 2391 778 2465 negavit
793 2390 970 2464 hominibus,

245 2488 293 2545 Na
307 2493 454 2563 scaptrum
470 2487 573 2546 mundi
587 2497 704 2561 raperet
718 2496 819 2545 nostra
832 2486 965 2545 audacia

285 2585 364 2660 Erga
378 2590 510 2643 contenti
525 2589 645 2642 manere
660 2585 761 2642 invicti
775 2584 853 2641 Iovis

244 2682 351 2739 Fatalis
365 2686 458 2740 annas
473 2681 661 2739 decurramus
676 2681 828 2755 temporis,

245 2778 310 2836 Nec
325 2778 389 2852 plas
404 2782 546 2836 canamur
559 2796 649 2852 quam
664 2778 733 2835 sinit
747 2778 917 2835 mortalitas.

433 2969 483 3022 ΙΙ.
505 2969 595 3034 (lv.)
632 2969 859 3022 Protnatheus
877 2972 908 3022 et
926 2968 1048 3025 Dotua

569 3085 609 3134 Da
620 3084 725 3153 varitate
737 3092 762 3134 et
774 3085 913 3134 mendacia.

283 3206 362 3279 Olim
376 3220 568 3278 Promatheus
582 3220 692 3277 saeculi
705 3220 809 3294 figulus
823 3226 891 3277 novi

242 3318 321 3375 Cara
334 3317 432 3375 subtili
444 3317 606 3373 Varitatem
622 3317 747 3386 facerat,

241 3414 284 3473 Ut
297 3413 360 3471 iata
373 3421 473 3487 posset
486 3413 562 3469 inter
577 3412 712 3471 hominas
727 3413 862 3472 reddere.

529 3600 562 3655 11,
574 3612 593 3645 1.
602 3600 693 3657 figulus
701 3616 710 3645 .·
727 3602 832 3657 ‘potter‚'
844 3602 953 3647 ‘makes'
