2784 4109
541 412 644 475 Liber
663 414 726 476 Ill.

126 602 218 675 Vide,
234 607 271 660 ne
286 601 396 660 dolone
411 600 520 658 collum
535 618 734 675 compungam
749 601 821 659 tibi!

128 698 300 774 Respondit
314 699 380 756 illa:
404 698 526 756 ‘Verbis
540 701 600 755 non
616 715 739 755 moveor
753 703 828 769 tuis;

128 794 191 855 Sed
205 797 292 853 istum
307 796 408 866 timeo,
423 794 494 853 sella
507 800 558 868 qui
571 799 666 868 prima
680 794 788 853 sedens

129 895 238 968 Iugum
253 892 368 967 flagello
383 901 530 966 temperat
544 892 625 949 lento
639 909 739 949 meum

129 992 173 1048 Et
186 995 237 1047 ora
251 989 338 1046 irenis
353 989 486 1046 continet
500 988 712 1063 spumantibus.

129 1087 323 1161 Quapropter
336 1086 416 1143 auser
429 1086 562 1143 frivolam
575 1085 782 1157 insolentiam3

130 1184 211 1241 Nam
226 1194 256 1241 et
269 1183 319 1241 ubi
334 1180 500 1239 tricandum
515 1192 544 1240 et
558 1182 609 1241 ubi
624 1181 801 1240 currendum
815 1182 852 1241 sit
866 1182 947 1241 scio!

95 1326 97 1330 .
174 1282 242 1337 Hac
256 1279 386 1337 derideri
400 1269 505 1337 sabuli
519 1280 624 1337 merito
638 1289 747 1355 potest,

129 1378 193 1451 Qui
207 1376 269 1435 sine
283 1377 389 1435 virtute
403 1382 492 1435 vanas
507 1387 624 1434 exercet
638 1377 742 1435 minis.

338 1601 401 1656 VI.
422 1600 532 1665 (VII.)
568 1601 693 1666 Lupus
711 1601 761 1652 ad
780 1599 923 1654 Canem.

172 1736 269 1811 Quam
285 1735 379 1794 dulcis
393 1735 430 1794 sit
445 1735 572 1807 libertas,
587 1734 714 1794 breviter
727 1735 896 1809 proloquar.

128 1834 207 1893 Cani
220 1838 359 1909 perpasto
375 1833 470 1891 macie
484 1832 637 1891 consectus
651 1833 736 1907 lupus

128 1931 221 1989 Forte
236 1929 409 1988 occucurrit.
452 1929 530 1987 Dein
545 1929 700 1987 salutatum
714 1928 842 1988 invicem

128 2028 174 2087 Ut
187 2028 372 2086 restiterunt:
395 2026 503 2085 ‘Unde
517 2028 578 2097 sic,'
593 2030 715 2100 quaeso,
729 2026 844 2083 ‘nitesi

127 2126 190 2182 Aut
204 2128 263 2198 quo
278 2123 346 2182 cibo
361 2123 462 2181 fecisti
476 2132 589 2180 tantum
605 2122 760 2197 corporis?

129 2222 206 2296 Eg0,
221 2227 272 2295 qui
286 2239 350 2279 sum
364 2220 451 2295 longe
466 2220 576 2291 fortior,
592 2224 683 2294 pereo
699 2220 795 2277 fame!

128 2318 222 2378 Canis
235 2317 425 2392 simpliciter:
448 2317 582 2375 ‘Eadem
598 2325 642 2374 est
657 2315 796 2374 condicio
810 2316 873 2388 tibi,

129 2417 282 2473 Praestare
297 2412 420 2472 domino
435 2419 458 2472 si
472 2419 526 2489 par
540 2413 671 2471 officium
684 2415 791 2488 potes!

130 2510 239 2585 ‘Quod
248 2512 277 2569 ?’
293 2510 387 2586 inquit
401 2510 458 2569 iile.
500 2511 626 2569 ‘Custos
640 2519 672 2567 ut
686 2516 725 2567 sis
739 2510 855 2580 liminis,

128 2595 155 2665 Ᾰ
170 2609 185 2666 f
186 2608 285 2667 suibus
299 2608 406 2666 tuearis
421 2617 452 2666 et
465 2612 557 2665 noctu
571 2606 715 2664 domum)

129 2706 215 2780 ‘Ego
228 2709 298 2762 veto
313 2723 377 2763 sum
392 2710 530 2779 paritus3
551 2722 630 2761 nunc
644 2704 741 2779 patior
754 2704 836 2761 nives

130 2802 304 2875 Imbresque
319 2802 349 2858 in
363 2801 440 2859 silvis
455 2818 590 2875 asperam
604 2806 693 2859 vitam
710 2800 848 2872 trahens3

129 2899 251 2972 Quanto
266 2908 310 2955 est
324 2898 436 2956 facilius
450 2898 522 2955 mihi
537 2897 591 2956 sub
605 2902 686 2955 tecto
701 2904 807 2968 vivere,

129 2996 169 3053 Et
184 2995 312 3053 otiosum
326 2995 407 3069 largo
422 2995 519 3053 satiari
534 2995 640 3053 cib6?’

70 3157 75 3162 ,
128 3092 224 3149 ‘Veni
238 3096 309 3167 ergo
324 3094 461 3150 mecum!
504 3092 583 3149 Dum
599 3089 774 3165 procedunt,
789 3090 895 3165 aspicit
1103 3116 1128 3163 ις

129 3190 230 3263 Lupus
245 3194 263 3246 a
276 3193 382 3247 catena
395 3189 505 3247 collum
519 3188 658 3246 detritum
674 3194 749 3246 cani.

128 3284 235 3345 ‘Unde
250 3285 317 3357 hoc,
332 3287 465 3343 amiceP’
508 3286 608 3342 ‘Nihil
622 3288 685 3343 est.'
728 3286 824 3357 ‘Dic,’
839 3289 960 3359 quaeso,
972 3286 1108 3342 ‘tamen’

155 3465 219 3523 Μ.
233 3464 302 3511 vide:
318 3463 374 3509 final
387 3464 440 3509 “e’'
455 3463 475 3509 is
490 3463 557 3509 short
572 3464 603 3522 by
682 3478 704 3521 9.
723 3465 873 3511 tricandum:
916 3463 1005 3521 ‘ought
1038 3470 1064 3508 to
1097 3476 1130 3519 go

126 3538 262 3597 exception.
653 3538 750 3596 slowly!

147 3626 169 3671 3.
183 3618 348 3671 compungam:
366 3612 505 3670 ‘punctura'
681 3612 724 3665 VI,
735 3624 756 3656 2.
767 3613 893 3669 perpfistb:
909 3610 1037 3657 ‘weit-teu·
