2784 4109
511 444 613 506 Liber
633 446 696 507 III.

100 633 128 689 F
130 636 241 689 6rtasse
256 630 356 689 dices:
380 632 520 706 ‘Aliquae
534 633 652 690 venient
667 633 770 705 feriae,

99 728 190 801 Quae
206 732 254 785 me
269 728 364 785 soluts>
379 738 501 802 pectore
515 728 554 786 ad
569 728 698 787 studium
713 733 839 789 vocent)

100 827 249 900 Legesne‚
264 830 385 900 quaesi),
400 826 497 899 potius
512 826 582 883 viles
596 827 708 898 neniae

101 921 267 996 Impendas
281 928 381 980 curam
396 940 485 997 quam
501 930 543 980 rei
557 923 749 997 domesticae,

99 1018 227 1077 Reddas
242 1024 342 1077 amicis
356 1029 501 1094 tempora,
515 1025 598 1078 uxdri
611 1026 709 1093 vaceS,

99 1116 244 1173 Animum
259 1117 379 1187 relaxes,
396 1117 487 1174 dtium
504 1117 557 1175 des
572 1126 698 1193 corpori,

99 1215 147 1273 Ut
162 1212 314 1271 adsuetam
330 1214 433 1272 fortius
448 1219 578 1288 praestes
592 1216 711 1273 vicem?

101 1309 284 1368 Mutandum
298 1310 351 1369 tibi
367 1312 551 1385 prdpositum
566 1322 611 1369 est
625 1323 654 1370 et
669 1320 746 1371 vitae
760 1332 861 1390 genus,

101 1409 218 1465 Intrare
232 1414 257 1465 si
271 1409 423 1465 Musarum
437 1408 526 1467 limen
541 1410 661 1485 erigitis.

101 1506 180 1579 Ego,
195 1522 284 1579 quem
300 1505 396 1562 Preriu
411 1510 505 1562 mater
519 1510 605 1563 enixa
619 1517 663 1565 est
677 1508 756 1583 iugd,

100 1603 141 1659 In
156 1606 215 1675 qud
230 1608 343 1659 tonanti
357 1607 460 1659 sancta
475 1604 670 1679 Mnemosyne
686 1605 750 1663 Iovi

100 1698 247 1756 Fecunda
260 1699 361 1756 novies
376 1699 482 1759 artium
496 1700 613 1775 peperit
627 1701 760 1772 chorum,

101 1795 245 1868 Quamvis
260 1795 290 1852 in
304 1796 369 1871 ipsa
382 1813 477 1870 paene
493 1803 576 1855 natus
591 1798 645 1855 sim
661 1798 762 1856 schola

101 1892 271 1966 Curamque
286 1892 417 1951 habendi
431 1894 548 1968 penitus
563 1894 654 1952 corde
670 1896 807 1953 eraserim

101 1991 144 2046 Et
159 1988 245 2046 laude
260 1983 374 2046 invicta
383 1995 473 2047 vitam
488 1990 518 2046 iu
532 1990 608 2047 hanc
624 1992 816 2064 incubuerim,

101 2086 268 2144 Fastididse
282 2086 427 2144 tamenin
441 2097 560 2145 coetum
576 2089 712 2163 recipior.

101 2182 184 2257 Quid
199 2182 295 2241 credis
310 2184 351 2241 illi
364 2183 509 2255 accidere,
524 2192 576 2259 qui
590 2192 709 2260 magnas
723 2191 796 2261 opes

102 2282 288 2356 Exaggerare
303 2281 418 2354 quaerit
432 2287 512 2338 omni
526 2282 631 2356 vigilia,

101 2378 203 2435 Doctc')
218 2377 310 2436 labdri
324 2377 410 2435 dulce
425 2383 611 2452 praepdnens
626 2380 760 2437 lucrum?

100 2473 161 2532 Sed
176 2474 234 2532 iam
249 2473 459 2549 quodcumque
474 2474 569 2547 fuerit,
583 2485 617 2533 ut
630 2476 703 2534 dixit
718 2477 818 2551 Sindn„

100 2570 150 2628 Ad
164 2576 264 2646 regem
278 2590 346 2629 cum
362 2570 530 2629 Dardaniae
546 2572 706 2647 perductus
720 2575 805 2645 foret,

101 2668 223 2727 Librum
239 2668 367 2727 exarabc‘)
382 2668 499 2726 tertium
515 2671 625 2744 Aesdpi
639 2671 716 2742 stile,

101 2767 222 2823 Honc'rri
236 2775 266 2823 et
280 2766 392 2824 meritis
406 2763 551 2823 dedicans
566 2766 647 2823 illum
662 2774 728 2825 tuis.

100 2863 201 2936 Quem
216 2868 240 2919 si
254 2863 342 2937 leges,
358 2862 509 2934 laetabor;
531 2870 689 2921 sinautem
704 2865 810 2936 minus,

100 2959 267 3017 HabEbunt
281 2963 371 3030 certE,
386 2963 445 3032 qud
461 2963 492 3016 se
506 2960 658 3018 oblectent
672 2968 792 3036 posteri.

141 3057 170 3113 N
173 3074 240 3126 unc,
255 3056 425 3114 fabularum
440 3061 493 3113 cur
506 3056 543 3113 sit
556 3057 708 3115 inventum
722 3076 824 3133 genus,

99 3154 187 3211 Brevi
201 3152 327 3212 dochf).
370 3153 497 3211 Servitus
511 3154 649 3227 obnoxia,

99 3250 180 3323 Quia
193 3267 270 3324 quae
284 3249 403 3307 volebat
416 3254 478 3306 nun
492 3250 620 3308 audebat
635 3252 745 3322 dicere,

129 3489 150 3534 8.
159 3488 245 3545 fm'ae
254 3502 262 3532 :
277 3486 414 3543 'holidays.'
658 3502 691 3546 19.
707 3491 812 3537 artium:
828 3489 881 3534 ‘the
892 3490 992 3535 Muses!

130 3574 165 3607 ιο.
180 3562 278 3606 ninias:
293 3564 372 3604 'mere
383 3561 470 3617 songs.'
657 3577 691 3609 21.
707 3566 836 3611 irriserim:
853 3564 1006 3610 'abolished'

131 3648 166 3693 14.
180 3637 271 3681 vicem:
288 3635 366 3691 ‘paru'
378 3636 462 3692 'dury.¹
657 3648 691 3690 29.
706 3636 827 3679 exarribb:
841 3635 974 3691 ‘produce‚'
985 3633 1075 3678 'write'
